DATE,CUSTOMERID,STATE_CD,PRODUCT_GROUP,CUSTOMER_GROUP,PRODUCT_ID,CONTRACT_ID,SALES_TYPE,REVENUE,ORDER_QUANTITY,COST,UNIT_LIST_PRICE,CONTRACT_PRICE
08/14/23,Customer 332,NY,MPG 5,CG 82,Product 133,contract 39429,Special Rebate,103.28,17,21.76,11,6.08
02/21/23,Customer 1153,NY,MPG 5,CG 81,Product 134,contract 40135,Special Discount,498.1,170,239.91,11,2.93
07/21/23,Customer 861,NY,MPG 5,CG 58,Product 137,contract 39445,Special Rebate,13.74,2,9.42,19,6.87
03/30/23,Customer 922,OH,MPG 5,CG 18,Product 139,contract 39853,Special Rebate,5.33,1,4.83,19,5.33
06/06/23,Customer 749,AR,MPG 5,CG 101,Product 139,contract 39637,Special Discount,101.4,20,96.66,19,5.07
12/15/23,Customer 925,OH,MPG 5,CG 12,Product 140,contract 39836,Special Rebate,34.16,14,38.18,19,2.44
12/21/23,Customer 1175,TX,MPG 5,CG 36,Product 141,contract 39676,Special Discount,171.05,5,140.85,120,34.21
07/10/23,Customer 916,IL,MPG 1,CG 32,Product 2058,contract 40045,Special Discount,523.3,10,524.34,300,52.33
04/09/23,Customer 948,MN,MPG 5,CG 153,Product 225,contract 39709,Special Rebate,729.45,15,349.34,157,48.63
06/15/23,Customer 1175,TX,MPG 5,CG 36,Product 230,contract 39676,Special Discount,197.76,4,137.37,200,49.44
12/13/23,Customer 812,MO,MPG 1,CG 146,Product 2393,contract 39807,Special Rebate,207.72,2,124.94,300,103.86
01/19/23,Customer 380,WI,MPG 5,CG 153,Product 3086,contract 39485,Special Rebate,123.5,32,55.51,8,3.86
10/27/23,Customer 922,OH,MPG 5,CG 18,Product 309,contract 39860,Special Rebate,433.49,10,145.69,109,43.35
06/17/23,Customer 871,MO,MPG 5,CG 146,Product 3125,contract 39493,Special Rebate,346.53,3,304.66,323,115.51
08/14/23,Customer 869,WI,MPG 5,CG 28,Product 32,contract 39866,Special Rebate,749.36,68,803.26,148,11.02
04/30/23,Customer 160,GA,MPG 7,CG 98,Product 3442,contract 39362,Special Rebate,1001.9,1,114.49,4026,1001.9
09/24/23,Customer 189,CA,MPG 5,CG 139,Product 346,contract 39373,Special Rebate,816,40,713.89,166,20.4
04/02/23,Customer 936,CT,MPG 7,CG 66,Product 3502,contract 40065,Special Rebate,834.57,1,216.76,3646,834.57
10/12/23,Customer 865,TX,MPG 7,CG 36,Product 3568,contract 39847,Special Rebate,7.67,2,5.14,29,3.84
12/25/23,Customer 936,CT,MPG 7,CG 66,Product 3630,contract 40065,Special Discount,45.48,1,1.89,191,45.48
06/26/23,Customer 957,LA,MPG 7,CG 35,Product 3631,contract 39694,Special Rebate,98.65,1,0.51,191,98.65
10/25/23,Customer 869,WI,MPG 7,CG 28,Product 3632,contract 40050,Special Rebate,409.76,26,49.67,191,15.76
12/02/23,Customer 936,CT,MPG 7,CG 66,Product 3648,contract 40065,Special Discount,46.16,1,1.91,191,46.16
03/21/23,Customer 380,WI,MPG 7,CG 153,Product 3654,contract 39985,Special Rebate,18.36,1,1.97,191,18.36
03/08/23,Customer 863,GA,MPG 7,CG 110,Product 3667,contract 39988,Special Rebate,26.7,1,1.91,191,26.7
08/26/23,Customer 970,TN,MPG 14,CG 116,Product 3709,contract 39881,Special Discount,728.88,6,227.68,525,121.48
03/26/23,Customer 1021,FL,MPG 14,CG 7,Product 3712,contract 40041,Special Rebate,10.44,3,1.95,26,3.48
05/16/23,Customer 957,TX,MPG 14,CG 36,Product 3712,contract 39686,Special Rebate,20.07,3,1.94,26,6.69
03/14/23,Customer 805,MO,MPG 14,CG 149,Product 3716,contract 40255,Special Rebate,8.58,1,0.82,26,8.58
09/11/23,Customer 818,FL,MPG 14,CG 6,Product 3716,contract 39774,Special Rebate,3.84,1,0.82,26,3.84
11/14/23,Customer 830,TX,MPG 14,CG 119,Product 3716,contract 39611,Special Rebate,12.84,2,1.64,26,6.42
05/06/23,Customer 382,UT,MPG 14,CG 127,Product 3716,contract 39966,Special Rebate,12.02,2,1.63,26,6.01
05/25/23,Customer 807,TX,MPG 14,CG 36,Product 3716,contract 39974,Special Rebate,171.81,23,18.8,26,7.47
02/13/23,Customer 754,UT,MPG 14,CG 127,Product 3716,contract 39638,Special Rebate,136.44,18,14.73,26,7.58
02/13/23,Customer 79,GA,MPG 14,CG 96,Product 3716,contract 39314,Special Discount,48.7,10,8.15,26,4.87
03/15/23,Customer 970,IL,MPG 14,CG 32,Product 3717,contract 39881,Special Discount,320.62,82,97,47,3.91
07/27/23,Customer 1001,TX,MPG 14,CG 118,Product 3717,contract 39881,Special Discount,161.2,40,47.31,47,4.03
06/09/23,Customer 823,TX,MPG 14,CG 36,Product 3718,contract 39784,Special Rebate,12.64,1,1.66,35,12.64
11/07/23,Customer 818,FL,MPG 14,CG 6,Product 3731,contract 39774,Special Rebate,3.9,1,0.65,26,3.9
09/08/23,Customer 874,NV,MPG 14,CG 142,Product 3731,contract 39966,Special Rebate,357.12,62,40.28,26,5.76
03/12/23,Customer 936,CT,MPG 7,CG 66,Product 3748,contract 39767,Special Rebate,22.98,3,5.06,13,7.66
01/26/23,Customer 380,WI,MPG 7,CG 153,Product 3748,contract 39985,Special Rebate,127.89,63,106.26,13,2.03
05/10/23,Customer 868,MI,MPG 5,CG 20,Product 375,contract 39477,Special Rebate,280.4,5,50.48,100,56.08
01/03/23,Customer 224,IL,MPG 7,CG 30,Product 3764,contract 39822,Special Rebate,27.12,2,22.81,65,13.56
12/20/23,Customer 911,OR,MPG 6,CG 92,Product 3819,contract 40250,Special Rebate,126.53,1,72.19,701,126.53
12/23/23,Customer 911,OR,MPG 6,CG 92,Product 3879,contract 40250,Special Rebate,924.53,13,660.01,394,71.12
09/08/23,Customer 957,TX,MPG 6,CG 36,Product 3948,contract 40015,Special Rebate,746.8,3,262.64,879,248.93
11/21/23,Customer 948,MN,MPG 6,CG 153,Product 3978,contract 39750,Special Rebate,207.88,1,94.85,879,207.88
09/16/23,Customer 380,WI,MPG 6,CG 153,Product 3987,contract 39985,Special Rebate,75.37,1,100.42,1060,75.37
10/03/23,Customer 380,WI,MPG 6,CG 153,Product 4002,contract 39990,Special Rebate,157.32,1,98.57,2080,157.32
10/06/23,Customer 869,WI,MPG 5,CG 28,Product 404,contract 39866,Special Rebate,605.2,68,1527.54,75,8.9
12/27/23,Customer 1175,TX,MPG 5,CG 36,Product 409,contract 39676,Special Discount,171,12,168.51,55,14.25
04/02/23,Customer 863,SC,MPG 14,CG 95,Product 4184,contract 39924,Special Rebate,56.45,3,72.7,84,18.82
02/17/23,Customer 936,MA,MPG 14,CG 53,Product 4184,contract 40110,Special Rebate,62.24,2,48.46,84,31.12
02/20/23,Customer 933,MD,MPG 14,CG 43,Product 4184,contract 39384,Special Rebate,189.12,8,193.86,84,23.64
05/06/23,Customer 872,CA,MPG 14,CG 136,Product 4184,contract 39520,Special Rebate,24.17,1,24.23,84,24.17
09/15/23,Customer 933,MD,MPG 14,CG 50,Product 4188,contract 39384,Special Rebate,40.84,1,31.34,142,40.84
04/15/23,Customer 970,IN,MPG 14,CG 16,Product 4191,contract 39881,Special Discount,146.28,2,72.55,336,73.14
04/22/23,Customer 1103,MO,MPG 14,CG 146,Product 4194,contract 39626,Special Rebate,263.88,1,66,819,263.88
10/18/23,Customer 947,VA,MPG 14,CG 43,Product 4206,contract 39619,Special Rebate,144.1,5,131.39,133,28.82
09/27/23,Customer 1035,GA,MPG 14,CG 110,Product 4206,contract 40111,Special Rebate,33.06,1,26.28,133,33.06
11/09/23,Customer 951,CA,MPG 14,CG 133,Product 4206,contract 39674,Special Rebate,73.02,2,52.56,133,36.51
07/16/23,Customer 921,OK,MPG 14,CG 124,Product 4207,contract 39628,Special Rebate,136.98,2,73.54,203,68.49
05/30/23,Customer 812,MO,MPG 14,CG 146,Product 4209,contract 39807,Special Rebate,140.7,2,69.18,226,70.35
08/13/23,Customer 933,MD,MPG 14,CG 50,Product 4209,contract 39384,Special Rebate,265.62,6,207.53,226,44.27
05/16/23,Customer 933,MD,MPG 14,CG 50,Product 4210,contract 39384,Special Rebate,980.29,14,479.51,305,70.02
12/14/23,Customer 928,DE,MPG 14,CG 71,Product 4213,contract 39764,Special Rebate,308.02,2,71.93,557,154.01
08/08/23,Customer 928,PA,MPG 14,CG 70,Product 4214,contract 39759,Special Rebate,226.09,1,67.09,830,226.09
07/15/23,Customer 933,MD,MPG 14,CG 43,Product 4214,contract 39384,Special Rebate,193.91,1,67.09,830,193.91
07/17/23,Customer 957,TX,MPG 14,CG 36,Product 4216,contract 40015,Special Rebate,255.63,1,73.84,1008,255.63
07/25/23,Customer 933,MD,MPG 14,CG 50,Product 4216,contract 39384,Special Rebate,1470.8,5,369.19,1008,294.16
05/11/23,Customer 1007,FL,MPG 13,CG 3,Product 4223,contract 39888,Special Rebate,49.4,10,46.82,72,4.94
08/17/23,Customer 812,MO,MPG 14,CG 146,Product 4224,contract 39807,Special Rebate,113.24,4,84.68,108,28.31
07/23/23,Customer 933,MD,MPG 14,CG 50,Product 4224,contract 39384,Special Rebate,125.28,4,84.68,108,31.32
10/03/23,Customer 933,MD,MPG 14,CG 43,Product 4224,contract 39384,Special Rebate,689.04,22,465.76,108,31.32
10/06/23,Customer 963,FL,MPG 14,CG 7,Product 4224,contract 39347,Special Rebate,129.47,6,127.02,108,21.58
10/28/23,Customer 948,MN,MPG 14,CG 153,Product 4224,contract 39704,Special Rebate,63.52,2,42.34,108,31.76
07/30/23,Customer 829,TX,MPG 14,CG 40,Product 4224,contract 39987,Special Rebate,177.89,8,169.37,108,22.24
05/14/23,Customer 933,MD,MPG 14,CG 43,Product 4226,contract 39384,Special Rebate,355.44,6,189.94,203,59.24
11/09/23,Customer 849,PA,MPG 14,CG 63,Product 4227,contract 39721,Special Discount,46.66,1,30.58,142,46.66
10/12/23,Customer 812,MO,MPG 14,CG 146,Product 4227,contract 39807,Special Rebate,272.08,8,244.64,142,34.01
09/28/23,Customer 933,MD,MPG 14,CG 43,Product 4227,contract 39384,Special Rebate,248.7,6,183.5,142,41.45
08/24/23,Customer 852,IA,MPG 14,CG 151,Product 4227,contract 39315,Special Rebate,69.42,2,61.16,142,34.71
01/17/23,Customer 670,NY,MPG 14,CG 80,Product 4227,contract 39620,Special Rebate,270.71,8,244.67,142,33.84
02/04/23,Customer 812,MO,MPG 14,CG 146,Product 4228,contract 39807,Special Rebate,999.18,14,423.49,305,71.37
09/27/23,Customer 812,MO,MPG 14,CG 146,Product 4228,contract 39807,Special Rebate,927.81,13,393.25,305,71.37
05/01/23,Customer 970,TN,MPG 14,CG 116,Product 4229,contract 39882,Special Discount,156.46,2,92.68,331,78.23
06/04/23,Customer 933,MD,MPG 14,CG 50,Product 4230,contract 39384,Special Rebate,1123.18,7,195.5,557,160.45
04/18/23,Customer 933,MD,MPG 13,CG 43,Product 4261,contract 39384,Special Rebate,556.27,11,294.89,163,50.57
07/29/23,Customer 933,VA,MPG 13,CG 43,Product 4261,contract 39384,Special Rebate,50.57,1,26.81,163,50.57
10/22/23,Customer 1105,VA,MPG 13,CG 45,Product 4287,contract 39548,Special Rebate,1864.64,4,1494.52,2415,466.16
11/05/23,Customer 924,TX,MPG 13,CG 40,Product 4306,contract 40151,Special Rebate,549.31,1,457.51,1922,549.31
06/09/23,Customer 863,GA,MPG 13,CG 110,Product 4308,contract 40176,Special Rebate,1359.24,2,928.84,2625,679.62
12/06/23,Customer 1040,GA,MPG 13,CG 110,Product 4312,contract 40126,Special Rebate,82.84,1,34.49,363,82.84
02/23/23,Customer 852,IA,MPG 13,CG 151,Product 4312,contract 40317,Special Rebate,115.33,1,34.49,363,115.33
06/15/23,Customer 872,CA,MPG 13,CG 136,Product 4312,contract 39450,Special Rebate,651.07,8,275.95,363,81.38
11/22/23,Customer 809,TX,MPG 13,CG 120,Product 4317,contract 39936,Special Rebate,168.21,1,35.58,630,168.21
02/12/23,Customer 933,MD,MPG 13,CG 50,Product 4317,contract 39384,Special Rebate,679.39,4,142.33,630,169.85
12/20/23,Customer 951,CA,MPG 13,CG 133,Product 4317,contract 39674,Special Rebate,947.16,6,213.5,630,157.86
01/04/23,Customer 933,MD,MPG 13,CG 50,Product 4317,contract 39384,Special Rebate,1805.28,11,391.41,630,164.12
12/14/23,Customer 865,TX,MPG 13,CG 36,Product 4325,contract 40144,Special Rebate,432.8,4,217.5,441,108.2
01/15/23,Customer 873,CO,MPG 13,CG 126,Product 4332,contract 39910,Special Rebate,1051.2,5,153.7,783,210.24
04/03/23,Customer 1040,GA,MPG 13,CG 110,Product 4337,contract 40126,Special Rebate,366.94,2,108.74,804,183.47
04/04/23,Customer 951,CA,MPG 13,CG 140,Product 4337,contract 40076,Special Rebate,787.52,4,217.48,804,196.88
08/12/23,Customer 812,MO,MPG 13,CG 146,Product 4349,contract 39807,Special Rebate,361.47,1,66.08,1155,361.47
03/12/23,Customer 933,MD,MPG 13,CG 43,Product 4377,contract 39384,Special Rebate,427.84,4,155.28,384,106.96
08/30/23,Customer 864,FL,MPG 13,CG 9,Product 4391,contract 39447,Special Rebate,245.52,1,129.76,977,245.52
01/05/23,Customer 866,OK,MPG 5,CG 123,Product 443,contract 40051,Special Rebate,372.66,27,495.75,57,13.8
09/25/23,Customer 1035,GA,MPG 13,CG 110,Product 4437,contract 40111,Special Rebate,74.97,2,25.97,147,37.49
06/11/23,Customer 948,MN,MPG 13,CG 153,Product 4437,contract 39750,Special Rebate,40.53,1,12.99,147,40.53
04/08/23,Customer 865,LA,MPG 5,CG 38,Product 445,contract 39508,Special Rebate,30.41,1,18.41,57,30.41
03/18/23,Customer 869,WI,MPG 5,CG 28,Product 446,contract 39866,Special Rebate,502.03,61,1252.85,57,8.23
04/12/23,Customer 948,MN,MPG 5,CG 153,Product 446,contract 39712,Special Rebate,15.37,1,20.54,57,15.37
08/19/23,Customer 778,CA,MPG 5,CG 139,Product 450,contract 39828,Special Discount,48.54,1,44.8,98,48.54
02/10/23,Customer 936,CT,MPG 6,CG 66,Product 4515,contract 40065,Special Rebate,333.32,1,102.01,1407,333.32
09/28/23,Customer 936,CT,MPG 6,CG 66,Product 4524,contract 40065,Special Rebate,12.76,1,2.2,69,12.76
11/14/23,Customer 845,WY,MPG 6,CG 91,Product 4537,contract 40337,Special Rebate,122,2,17.3,147,61
08/30/23,Customer 948,MN,MPG 6,CG 153,Product 4552,contract 39707,Special Rebate,6084.4,80,1049.66,371,76.06
02/21/23,Customer 957,TX,MPG 13,CG 35,Product 4631,contract 40015,Special Rebate,329,7,220.86,189,47
06/01/23,Customer 963,FL,MPG 13,CG 7,Product 4631,contract 39349,Special Rebate,91.93,2,63.11,189,45.97
10/14/23,Customer 951,CA,MPG 13,CG 140,Product 4631,contract 40076,Special Rebate,51.52,1,31.55,189,51.52
09/16/23,Customer 1048,OH,MPG 13,CG 13,Product 4631,contract 40207,Special Rebate,46.57,1,31.55,189,46.57
02/06/23,Customer 1035,GA,MPG 13,CG 110,Product 4637,contract 40111,Special Rebate,309.12,4,133,336,77.28
12/04/23,Customer 1008,TX,MPG 13,CG 118,Product 4637,contract 40078,Special Rebate,680.07,8,265.99,336,85.01
08/13/23,Customer 933,MD,MPG 13,CG 43,Product 4637,contract 39384,Special Rebate,175.06,2,66.5,336,87.53
02/21/23,Customer 948,MN,MPG 13,CG 153,Product 4637,contract 39715,Special Rebate,224.12,2,66.5,336,112.06
12/16/23,Customer 933,MD,MPG 13,CG 50,Product 4637,contract 39384,Special Rebate,275.79,3,99.75,336,91.93
11/09/23,Customer 1006,IN,MPG 13,CG 33,Product 4639,contract 39483,Special Rebate,637.87,2,196.12,1397,318.94
09/05/23,Customer 948,MN,MPG 13,CG 153,Product 4649,contract 39750,Special Rebate,322.66,2,59,594,161.33
10/26/23,Customer 1139,CA,MPG 13,CG 135,Product 4651,contract 39902,Special Discount,2748,6,1288.53,1659,458
04/28/23,Customer 933,MD,MPG 13,CG 43,Product 4651,contract 39384,Special Rebate,907.8,2,429.51,1659,453.9
06/18/23,Customer 948,MN,MPG 13,CG 153,Product 4655,contract 39750,Special Rebate,145.58,1,48.36,536,145.58
09/28/23,Customer 823,TX,MPG 13,CG 36,Product 4655,contract 39785,Special Rebate,375,3,145.08,536,125
07/21/23,Customer 957,TX,MPG 13,CG 36,Product 4655,contract 39686,Special Rebate,1444.52,11,531.96,536,131.32
01/25/23,Customer 872,CA,MPG 6,CG 136,Product 4693,contract 39520,Special Rebate,327.16,25,54.91,35,13.09
08/15/23,Customer 812,MO,MPG 6,CG 146,Product 4693,contract 39807,Special Rebate,972.79,176,386.57,35,5.53
10/23/23,Customer 941,TX,MPG 6,CG 119,Product 4693,contract 40298,Special Rebate,97.13,12,26.36,35,8.09
02/13/23,Customer 948,MN,MPG 6,CG 153,Product 4693,contract 39750,Special Rebate,2566.95,325,713.82,35,7.9
04/15/23,Customer 934,SC,MPG 6,CG 107,Product 4693,contract 39735,Special Rebate,38.69,6,13.18,35,6.45
09/16/23,Customer 936,CT,MPG 6,CG 66,Product 4699,contract 40065,Special Rebate,119.59,15,51.34,35,7.97
02/13/23,Customer 873,CO,MPG 6,CG 126,Product 4699,contract 39910,Special Rebate,71.07,10,34.23,35,7.11
06/26/23,Customer 864,FL,MPG 6,CG 10,Product 4699,contract 39457,Special Rebate,173.39,20,68.5,35,8.67
07/20/23,Customer 948,MN,MPG 6,CG 153,Product 4713,contract 39750,Special Rebate,126.36,3,28.47,199,42.12
12/21/23,Customer 951,CA,MPG 6,CG 140,Product 4713,contract 39675,Special Rebate,210.31,5,47.45,199,42.06
09/25/23,Customer 947,VA,MPG 6,CG 43,Product 4715,contract 39619,Special Rebate,28.45,1,6.24,78,28.45
01/03/23,Customer 823,TX,MPG 6,CG 36,Product 4718,contract 39784,Special Rebate,73.24,5,23.27,78,14.65
04/08/23,Customer 24,TX,MPG 6,CG 119,Product 4718,contract 39270,Special Rebate,20.74,1,4.65,78,20.74
07/22/23,Customer 818,FL,MPG 6,CG 4,Product 4722,contract 39662,Special Rebate,15.1,1,6.21,78,15.1
02/13/23,Customer 861,NY,MPG 6,CG 81,Product 4723,contract 39958,Special Rebate,153.23,11,52,78,13.93
04/09/23,Customer 924,TX,MPG 6,CG 119,Product 4723,contract 40151,Special Rebate,208.35,15,70.91,78,13.89
10/18/23,Customer 957,TX,MPG 6,CG 36,Product 4723,contract 39686,Special Rebate,222.24,16,75.64,78,13.89
12/11/23,Customer 899,FL,MPG 6,CG 8,Product 4723,contract 39321,Special Rebate,14.59,1,4.73,78,14.59
09/17/23,Customer 928,PA,MPG 6,CG 70,Product 4723,contract 39755,Special Rebate,89.16,4,18.92,78,22.29
03/10/23,Customer 945,NJ,MPG 6,CG 84,Product 4727,contract 39667,Special Rebate,16.63,1,7.07,78,16.63
09/11/23,Customer 936,CT,MPG 6,CG 66,Product 4736,contract 40065,Special Rebate,29.61,1,14.25,130,29.61
09/29/23,Customer 1035,GA,MPG 6,CG 110,Product 4753,contract 40127,Special Rebate,77.96,2,23.69,242,38.98
07/06/23,Customer 951,CA,MPG 6,CG 140,Product 4753,contract 39675,Special Rebate,2648.84,50,592.11,242,52.98
05/17/23,Customer 928,PA,MPG 6,CG 70,Product 4753,contract 39755,Special Rebate,142.72,2,23.69,242,71.36
05/03/23,Customer 963,FL,MPG 6,CG 6,Product 4756,contract 39343,Special Rebate,88.66,2,23.88,242,44.33
04/14/23,Customer 864,FL,MPG 6,CG 9,Product 4756,contract 39932,Special Rebate,44.2,1,11.94,242,44.2
08/10/23,Customer 936,CT,MPG 6,CG 66,Product 4763,contract 40065,Special Rebate,440.81,9,106.93,242,48.98
05/21/23,Customer 890,AR,MPG 6,CG 101,Product 4763,contract 39965,Special Rebate,85.14,2,23.77,242,42.57
07/31/23,Customer 912,MA,MPG 6,CG 53,Product 4763,contract 39425,Special Rebate,89.2,1,11.88,242,89.2
02/12/23,Customer 945,NJ,MPG 6,CG 84,Product 4763,contract 39667,Special Rebate,139.92,3,35.65,242,46.64
05/08/23,Customer 948,MN,MPG 6,CG 153,Product 4763,contract 39750,Special Rebate,389.48,7,83.18,242,55.64
01/13/23,Customer 957,TX,MPG 6,CG 36,Product 4765,contract 39686,Special Rebate,86.56,2,24.94,242,43.28
07/01/23,Customer 926,VA,MPG 6,CG 46,Product 4765,contract 40091,Special Rebate,66.48,2,24.94,242,33.24
06/29/23,Customer 933,MD,MPG 6,CG 43,Product 4767,contract 39384,Special Rebate,102.11,1,13.06,294,102.11
03/06/23,Customer 876,NC,MPG 6,CG 105,Product 4773,contract 39930,Special Rebate,65.73,1,14.32,345,65.73
08/24/23,Customer 1008,TX,MPG 6,CG 40,Product 4773,contract 39288,Special Rebate,285.2,4,57.29,345,71.3
01/04/23,Customer 861,NY,MPG 6,CG 81,Product 4773,contract 39958,Special Rebate,262.92,4,57.3,345,65.73
07/09/23,Customer 1103,MO,MPG 6,CG 146,Product 4773,contract 39626,Special Rebate,164.88,3,42.97,345,54.96
01/16/23,Customer 901,MN,MPG 6,CG 153,Product 4853,contract 39579,Special Rebate,1098,100,621.94,78,10.98
05/20/23,Customer 331,OH,MPG 10,CG 19,Product 4903,contract 40152,Special Rebate,89.7,39,88.67,21,2.3
05/03/23,Customer 958,TN,MPG 10,CG 99,Product 4903,contract 39911,Special Rebate,28.39,10,22.71,21,2.84
01/09/23,Customer 873,CO,MPG 10,CG 126,Product 4903,contract 39909,Special Rebate,595.2,248,563.79,21,2.4
09/09/23,Customer 902,GA,MPG 10,CG 109,Product 4903,contract 39593,Special Rebate,28,8,18.18,21,3.5
01/07/23,Customer 812,MO,MPG 10,CG 146,Product 4903,contract 39330,Special Rebate,341.6,140,318.31,21,2.44
03/02/23,Customer 829,TX,MPG 10,CG 39,Product 4903,contract 39604,Special Rebate,16.74,6,13.64,21,2.79
10/30/23,Customer 1574,PA,MPG 10,CG 78,Product 4903,contract 40333,Special Rebate,1113.75,405,920.88,21,2.75
09/01/23,Customer 934,NC,MPG 10,CG 105,Product 4903,contract 39732,Special Rebate,74.25,25,56.84,21,2.97
12/15/23,Customer 73,VA,MPG 10,CG 46,Product 4903,contract 39313,Special Rebate,175.45,55,125.05,21,3.19
05/31/23,Customer 860,PA,MPG 10,CG 72,Product 4903,contract 39700,Special Rebate,85.47,33,75.03,21,2.59
12/05/23,Customer 902,GA,MPG 10,CG 109,Product 4903,contract 39593,Special Rebate,99.4,28,63.66,21,3.55
04/22/23,Customer 913,LA,MPG 10,CG 38,Product 4903,contract 39725,Special Rebate,220.41,93,211.46,21,2.37
07/14/23,Customer 928,DE,MPG 10,CG 71,Product 4903,contract 39759,Special Rebate,266.4,90,204.65,21,2.96
02/06/23,Customer 934,SC,MPG 10,CG 95,Product 4903,contract 40100,Special Rebate,120.13,41,93.21,21,2.93
12/09/23,Customer 957,TX,MPG 10,CG 35,Product 4903,contract 40015,Special Rebate,5.16,2,4.55,21,2.58
06/29/23,Customer 846,ID,MPG 10,CG 85,Product 4903,contract 39634,Special Rebate,51.3,18,40.92,21,2.85
07/26/23,Customer 1036,AL,MPG 10,CG 97,Product 4903,contract 40022,Special Rebate,63.14,22,50,21,2.87
08/19/23,Customer 1012,GA,MPG 10,CG 96,Product 4903,contract 40161,Special Rebate,91.2,40,90.95,21,2.28
07/03/23,Customer 1124,PA,MPG 10,CG 78,Product 4903,contract 39658,Special Rebate,1365.7,514,1168.69,21,2.66
10/11/23,Customer 1574,PA,MPG 10,CG 78,Product 4903,contract 40333,Special Rebate,412.5,150,341.07,21,2.75
12/30/23,Customer 105,GA,MPG 10,CG 110,Product 4903,contract 39307,Special Rebate,318.75,125,284.19,21,2.55
05/01/23,Customer 812,MO,MPG 10,CG 146,Product 4903,contract 39330,Special Rebate,505.92,204,463.85,21,2.48
02/07/23,Customer 928,DE,MPG 10,CG 71,Product 4903,contract 39762,Special Rebate,188.67,57,129.6,21,3.31
04/20/23,Customer 1124,PA,MPG 10,CG 78,Product 4903,contract 39658,Special Rebate,1015.18,386,877.64,21,2.63
01/25/23,Customer 928,DE,MPG 10,CG 71,Product 4903,contract 39762,Special Rebate,254.77,73,165.96,21,3.49
01/24/23,Customer 898,IN,MPG 10,CG 15,Product 4903,contract 40234,Special Rebate,101.15,35,79.58,21,2.89
04/13/23,Customer 898,IN,MPG 10,CG 15,Product 4903,contract 40234,Special Rebate,88.74,29,65.94,21,3.06
04/30/23,Customer 928,DE,MPG 10,CG 71,Product 4903,contract 39764,Special Rebate,143.09,41,93.21,21,3.49
10/29/23,Customer 1021,FL,MPG 10,CG 7,Product 4903,contract 40041,Special Rebate,146.26,71,161.44,21,2.06
06/23/23,Customer 107,IN,MPG 10,CG 48,Product 4903,contract 39332,Special Rebate,131.04,48,109.13,21,2.73
09/26/23,Customer 874,AZ,MPG 11,CG 143,Product 4904,contract 40033,Special Rebate,908.72,37,448.13,179,24.56
12/06/23,Customer 73,VA,MPG 11,CG 46,Product 4905,contract 39313,Special Rebate,1200.03,39,468.99,205,30.77
04/16/23,Customer 945,NJ,MPG 11,CG 84,Product 4905,contract 39668,Special Rebate,153.3,5,60.13,205,30.66
10/05/23,Customer 963,FL,MPG 11,CG 5,Product 4905,contract 39352,Special Rebate,333.96,11,132.28,205,30.36
01/18/23,Customer 105,GA,MPG 11,CG 110,Product 4905,contract 39306,Special Rebate,3109.92,114,1370.91,205,27.28
12/07/23,Customer 854,TN,MPG 11,CG 116,Product 4905,contract 40139,Special Rebate,289.2,10,120.26,205,28.92
05/07/23,Customer 934,NC,MPG 11,CG 105,Product 4905,contract 39732,Special Rebate,57.44,2,24.06,205,28.72
09/23/23,Customer 1489,NC,MPG 11,CG 94,Product 4905,contract 40185,Special Rebate,2122.38,78,937.97,205,27.21
07/20/23,Customer 904,OH,MPG 11,CG 18,Product 4905,contract 40184,Special Rebate,313.56,13,156.34,205,24.12
04/17/23,Customer 948,MN,MPG 11,CG 153,Product 4905,contract 39714,Special Rebate,531.08,17,204.43,205,31.24
04/28/23,Customer 1489,NC,MPG 11,CG 94,Product 4905,contract 40185,Special Rebate,3176.61,119,1431.01,205,26.69
07/18/23,Customer 1045,KS,MPG 11,CG 149,Product 4905,contract 40154,Special Rebate,1246.4,40,481.02,205,31.16
05/21/23,Customer 963,FL,MPG 11,CG 9,Product 4905,contract 39342,Special Rebate,3435.39,123,1479.11,205,27.93
05/29/23,Customer 854,TN,MPG 11,CG 116,Product 4905,contract 40139,Special Rebate,1070.04,37,444.94,205,28.92
04/29/23,Customer 863,SC,MPG 11,CG 95,Product 4905,contract 39945,Special Rebate,2322.9,87,1046.21,205,26.7
03/23/23,Customer 887,NC,MPG 11,CG 94,Product 4905,contract 39290,Special Rebate,6063.61,203,2441.16,205,29.87
11/05/23,Customer 945,NJ,MPG 11,CG 84,Product 4905,contract 39668,Special Rebate,1338.16,43,517.09,205,31.12
02/12/23,Customer 1007,FL,MPG 11,CG 3,Product 4905,contract 39891,Special Rebate,1312.71,47,565.2,205,27.93
06/12/23,Customer 928,DE,MPG 11,CG 71,Product 4905,contract 39746,Special Rebate,752.18,26,312.67,205,28.93
05/17/23,Customer 873,CO,MPG 11,CG 126,Product 4905,contract 40236,Special Rebate,10741.64,364,4377.3,205,29.51
08/26/23,Customer 970,IL,MPG 11,CG 32,Product 4907,contract 39881,Special Discount,160.74,6,74.19,189,26.79
07/21/23,Customer 928,DE,MPG 11,CG 71,Product 4909,contract 39764,Special Rebate,621.9,18,337.56,279,34.55
08/05/23,Customer 913,LA,MPG 11,CG 38,Product 4909,contract 39725,Special Rebate,1811.16,52,975.16,279,34.83
01/31/23,Customer 873,CO,MPG 11,CG 126,Product 4909,contract 39909,Special Rebate,11324.5,319,5982.33,279,35.5
02/02/23,Customer 1048,OH,MPG 11,CG 13,Product 4909,contract 40207,Special Rebate,5573.7,198,3713.14,279,28.15
01/22/23,Customer 873,CO,MPG 11,CG 126,Product 4909,contract 39909,Special Rebate,9443,266,4988.36,279,35.5
03/21/23,Customer 816,KY,MPG 11,CG 99,Product 4909,contract 39986,Special Rebate,3902.22,126,2362.92,279,30.97
11/19/23,Customer 928,DE,MPG 11,CG 71,Product 4909,contract 39764,Special Rebate,894.25,25,468.83,279,35.77
07/17/23,Customer 105,GA,MPG 11,CG 110,Product 4909,contract 39307,Special Rebate,2727.12,88,1650.27,279,30.99
10/19/23,Customer 934,NC,MPG 11,CG 105,Product 4909,contract 40147,Special Rebate,2164.4,70,1312.73,279,30.92
04/28/23,Customer 890,TN,MPG 11,CG 101,Product 4909,contract 40266,Special Rebate,1095.85,31,581.35,279,35.35
10/05/23,Customer 970,TN,MPG 11,CG 116,Product 4910,contract 39881,Special Discount,212.1,5,93.77,279,42.42
10/21/23,Customer 830,TX,MPG 10,CG 118,Product 4919,contract 39601,Special Rebate,645.07,251,569.28,21,2.57
01/24/23,Customer 933,MD,MPG 10,CG 50,Product 4919,contract 39384,Special Rebate,195.03,52,117.94,21,3.75
02/26/23,Customer 1519,TX,MPG 10,CG 119,Product 4919,contract 40228,Special Rebate,511.46,195,442.25,21,2.62
09/09/23,Customer 860,PA,MPG 10,CG 72,Product 4919,contract 39700,Special Rebate,532.86,214,485.36,21,2.49
08/16/23,Customer 107,IN,MPG 10,CG 48,Product 4919,contract 40098,Special Rebate,759.05,291,659.98,21,2.61
09/25/23,Customer 22,MI,MPG 10,CG 27,Product 4919,contract 40120,Special Rebate,88.43,37,83.92,21,2.39
03/16/23,Customer 937,NC,MPG 10,CG 103,Product 4919,contract 39652,Special Rebate,89.32,28,63.5,21,3.19
01/28/23,Customer 852,IA,MPG 10,CG 151,Product 4919,contract 40317,Special Rebate,92.82,26,58.97,21,3.57
05/31/23,Customer 937,NC,MPG 10,CG 103,Product 4919,contract 39652,Special Rebate,124.41,39,88.45,21,3.19
12/10/23,Customer 60,TX,MPG 10,CG 34,Product 4919,contract 39308,Special Rebate,764.28,198,449.08,21,3.86
11/10/23,Customer 957,TX,MPG 10,CG 36,Product 4919,contract 39686,Special Rebate,136.74,53,120.21,21,2.58
05/24/23,Customer 829,TX,MPG 10,CG 40,Product 4919,contract 39987,Special Rebate,349.65,135,306.17,21,2.59
02/26/23,Customer 928,DE,MPG 10,CG 71,Product 4919,contract 39760,Special Rebate,73.29,21,47.63,21,3.49
02/13/23,Customer 1003,SC,MPG 10,CG 108,Product 4919,contract 39907,Special Rebate,474.76,166,376.51,21,2.86
11/20/23,Customer 963,FL,MPG 10,CG 10,Product 4919,contract 39886,Special Rebate,118.07,39,88.45,21,3.03
12/31/23,Customer 818,FL,MPG 10,CG 6,Product 4919,contract 39774,Special Rebate,338.4,120,272.17,21,2.82
07/26/23,Customer 1406,LA,MPG 10,CG 38,Product 4919,contract 40106,Special Rebate,819,300,680.41,21,2.73
02/05/23,Customer 937,NC,MPG 10,CG 103,Product 4919,contract 39652,Special Rebate,22.68,7,15.88,21,3.24
01/23/23,Customer 873,CO,MPG 10,CG 126,Product 4919,contract 40236,Special Rebate,723.9,254,576.14,21,2.85
01/28/23,Customer 1574,PA,MPG 10,CG 78,Product 4919,contract 40333,Special Rebate,1515.25,551,1249.68,21,2.75
07/30/23,Customer 1021,FL,MPG 10,CG 7,Product 4919,contract 40041,Special Rebate,1027.22,510,1156.71,21,2.01
07/30/23,Customer 1003,SC,MPG 10,CG 108,Product 4919,contract 39907,Special Rebate,966.12,355,805.16,21,2.72
04/05/23,Customer 1021,FL,MPG 10,CG 7,Product 4919,contract 40041,Special Rebate,442.54,218,494.42,21,2.03
10/04/23,Customer 1045,MO,MPG 10,CG 149,Product 4919,contract 40154,Special Rebate,483.63,131,297.11,21,3.69
12/12/23,Customer 829,TX,MPG 10,CG 39,Product 4919,contract 39606,Special Rebate,38.83,11,24.95,21,3.53
05/14/23,Customer 863,SC,MPG 10,CG 95,Product 4919,contract 39945,Special Rebate,183.8,76,172.37,21,2.42
06/24/23,Customer 829,TX,MPG 10,CG 40,Product 4919,contract 39987,Special Rebate,634.55,259,587.44,21,2.45
08/11/23,Customer 1004,NC,MPG 10,CG 105,Product 4919,contract 40136,Special Rebate,104.76,35,79.38,21,2.99
04/07/23,Customer 882,OH,MPG 10,CG 17,Product 4919,contract 39395,Special Rebate,712.25,259,587.43,21,2.75
08/08/23,Customer 863,SC,MPG 10,CG 95,Product 4919,contract 39945,Special Rebate,350.52,138,312.99,21,2.54
11/04/23,Customer 945,NJ,MPG 10,CG 84,Product 4919,contract 39668,Special Rebate,718.96,207,469.51,21,3.47
10/10/23,Customer 779,KS,MPG 10,CG 149,Product 4919,contract 39645,Special Rebate,2305.5,795,1803.12,21,2.9
07/29/23,Customer 902,GA,MPG 10,CG 109,Product 4919,contract 39596,Special Rebate,241.18,64,145.16,21,3.77
05/15/23,Customer 937,NC,MPG 10,CG 104,Product 4919,contract 39650,Special Rebate,110.72,32,72.58,21,3.46
01/24/23,Customer 860,PA,MPG 10,CG 72,Product 4919,contract 39700,Special Rebate,278.78,106,240.43,21,2.63
10/13/23,Customer 830,TX,MPG 10,CG 118,Product 4919,contract 39601,Special Rebate,1027.09,379,859.58,21,2.71
09/13/23,Customer 812,MO,MPG 11,CG 146,Product 4920,contract 39303,Special Rebate,1053.44,32,389.79,179,32.92
06/18/23,Customer 913,LA,MPG 11,CG 38,Product 4920,contract 39725,Special Rebate,5394.62,226,2752.92,179,23.87
06/01/23,Customer 812,MO,MPG 11,CG 146,Product 4920,contract 39303,Special Rebate,460.88,14,170.53,179,32.92
12/02/23,Customer 830,TX,MPG 11,CG 118,Product 4921,contract 40221,Special Rebate,3110.52,138,1668.96,205,22.54
07/29/23,Customer 873,CO,MPG 11,CG 126,Product 4921,contract 39909,Special Rebate,16731.22,649,7848.93,205,25.78
11/14/23,Customer 963,FL,MPG 11,CG 6,Product 4921,contract 39964,Special Rebate,121.16,4,48.38,205,30.29
09/03/23,Customer 873,CO,MPG 11,CG 126,Product 4921,contract 40236,Special Rebate,3506.07,122,1475.46,205,28.74
08/26/23,Customer 1003,SC,MPG 11,CG 108,Product 4921,contract 40261,Special Rebate,3474,138,1668.94,205,25.17
04/13/23,Customer 937,NC,MPG 11,CG 103,Product 4921,contract 39655,Special Rebate,224.73,9,108.84,205,24.97
05/13/23,Customer 894,SD,MPG 11,CG 152,Product 4921,contract 39360,Special Rebate,628.9,19,229.78,205,33.1
04/22/23,Customer 823,TX,MPG 11,CG 36,Product 4921,contract 39954,Special Rebate,1066.74,46,556.32,205,23.19
12/05/23,Customer 873,CO,MPG 11,CG 126,Product 4921,contract 40236,Special Rebate,2551.97,87,1052.15,205,29.33
06/21/23,Customer 829,TX,MPG 11,CG 39,Product 4921,contract 39604,Special Rebate,2813.36,92,1112.65,205,30.58
11/03/23,Customer 854,TN,MPG 11,CG 116,Product 4921,contract 40332,Special Rebate,1586,61,737.71,205,26
03/14/23,Customer 948,MN,MPG 11,CG 153,Product 4921,contract 39706,Special Rebate,1587.12,51,616.77,205,31.12
06/16/23,Customer 829,TX,MPG 11,CG 40,Product 4921,contract 40047,Special Rebate,2207.59,77,931.22,205,28.67
06/24/23,Customer 887,NC,MPG 11,CG 94,Product 4921,contract 39290,Special Rebate,1374.02,46,556.3,205,29.87
07/25/23,Customer 1012,GA,MPG 11,CG 96,Product 4921,contract 40161,Special Rebate,16596.8,736,8901.01,205,22.55
03/16/23,Customer 928,PA,MPG 11,CG 70,Product 4921,contract 39765,Special Rebate,416.22,14,169.32,205,29.73
10/30/23,Customer 1040,GA,MPG 11,CG 96,Product 4921,contract 40138,Special Rebate,451,20,241.88,205,22.55
06/15/23,Customer 830,TX,MPG 11,CG 118,Product 4921,contract 39601,Special Rebate,2286.34,98,1185.2,205,23.33
03/23/23,Customer 860,PA,MPG 11,CG 72,Product 4921,contract 39700,Special Rebate,30.11,1,12.09,205,30.11
06/18/23,Customer 1012,GA,MPG 11,CG 96,Product 4921,contract 40161,Special Rebate,3685.29,161,1947.1,205,22.89
06/01/23,Customer 1007,FL,MPG 11,CG 3,Product 4921,contract 39888,Special Rebate,4531.04,194,2346.33,205,23.36
03/22/23,Customer 948,MN,MPG 11,CG 154,Product 4921,contract 39749,Special Rebate,105,3,36.28,205,35
06/16/23,Customer 807,TX,MPG 11,CG 36,Product 4921,contract 39974,Special Rebate,2958.26,109,1318.23,205,27.14
02/09/23,Customer 1007,FL,MPG 11,CG 3,Product 4921,contract 39888,Special Rebate,5454.53,233,2817.99,205,23.41
11/09/23,Customer 829,TX,MPG 11,CG 40,Product 4921,contract 39987,Special Rebate,5657.6,208,2515.51,205,27.2
08/07/23,Customer 149,SC,MPG 11,CG 95,Product 4925,contract 40014,Special Rebate,1931.6,55,1032.84,279,35.12
12/12/23,Customer 818,FL,MPG 11,CG 4,Product 4925,contract 39297,Special Rebate,1295.6,40,751.16,279,32.39
12/05/23,Customer 890,AR,MPG 11,CG 101,Product 4925,contract 40162,Special Rebate,4153.5,130,2441.27,279,31.95
12/08/23,Customer 829,TX,MPG 11,CG 40,Product 4925,contract 40013,Special Rebate,1201.86,33,619.7,279,36.42
06/07/23,Customer 928,DE,MPG 11,CG 71,Product 4925,contract 39764,Special Rebate,528.6,15,281.7,279,35.24
05/14/23,Customer 928,DE,MPG 11,CG 71,Product 4925,contract 39763,Special Rebate,176.2,5,93.9,279,35.24
02/06/23,Customer 1003,SC,MPG 11,CG 108,Product 4925,contract 40261,Special Rebate,2350.08,72,1352.1,279,32.64
06/02/23,Customer 873,WY,MPG 11,CG 91,Product 4925,contract 39909,Special Rebate,504.42,14,262.92,279,36.03
09/30/23,Customer 1140,TX,MPG 11,CG 119,Product 4925,contract 39664,Special Rebate,73.94,2,37.56,279,36.97
10/01/23,Customer 818,FL,MPG 11,CG 4,Product 4925,contract 39663,Special Rebate,13302.36,436,8187.68,279,30.51
06/28/23,Customer 890,TN,MPG 11,CG 101,Product 4925,contract 40266,Special Rebate,707,20,375.58,279,35.35
08/29/23,Customer 1406,LA,MPG 11,CG 38,Product 4925,contract 40106,Special Rebate,6772.37,193,3624.28,279,35.09
11/08/23,Customer 928,PA,MPG 11,CG 70,Product 4925,contract 39759,Special Rebate,2694.9,78,1464.76,279,34.55
03/21/23,Customer 864,FL,MPG 11,CG 10,Product 4925,contract 39450,Special Rebate,4154.22,126,2366.17,279,32.97
12/22/23,Customer 105,GA,MPG 11,CG 110,Product 4925,contract 39307,Special Rebate,8801.16,284,5333.25,279,30.99
02/07/23,Customer 16,CO,MPG 11,CG 126,Product 4925,contract 39268,Special Rebate,786.78,18,338.03,279,43.71
08/09/23,Customer 818,FL,MPG 11,CG 4,Product 4925,contract 39663,Special Rebate,9901.92,336,6309.8,279,29.47
03/26/23,Customer 829,TX,MPG 11,CG 39,Product 4925,contract 39604,Special Rebate,5240.62,154,2891.97,279,34.03
01/16/23,Customer 1036,AL,MPG 11,CG 97,Product 4925,contract 40222,Special Rebate,2962.7,106,1990.61,279,27.95
07/17/23,Customer 419,OH,MPG 11,CG 13,Product 4925,contract 40087,Special Rebate,804.7,26,488.25,279,30.95
12/14/23,Customer 928,DE,MPG 11,CG 71,Product 4925,contract 39758,Special Rebate,176.2,5,93.9,279,35.24
10/13/23,Customer 873,CO,MPG 11,CG 126,Product 4925,contract 40236,Special Rebate,9133.08,242,4544.56,279,37.74
01/13/23,Customer 928,DE,MPG 11,CG 71,Product 4925,contract 39764,Special Rebate,1303.88,37,694.85,279,35.24
11/06/23,Customer 963,FL,MPG 11,CG 9,Product 4925,contract 39342,Special Rebate,1505.12,46,863.86,279,32.72
04/20/23,Customer 823,TX,MPG 11,CG 36,Product 4925,contract 39954,Special Rebate,184.92,6,112.67,279,30.82
02/18/23,Customer 948,MN,MPG 11,CG 153,Product 4925,contract 39714,Special Rebate,2161.66,58,1089.19,279,37.27
12/22/23,Customer 864,FL,MPG 11,CG 9,Product 4925,contract 39447,Special Rebate,19108,562,10553.82,279,34
01/18/23,Customer 873,CO,MPG 10,CG 126,Product 4937,contract 39909,Special Rebate,2.4,1,2.29,21,2.4
09/21/23,Customer 970,TX,MPG 10,CG 118,Product 4937,contract 39881,Special Discount,1078.8,310,709.32,21,3.48
07/08/23,Customer 830,TX,MPG 10,CG 118,Product 4937,contract 39612,Special Rebate,5.46,2,4.58,21,2.73
06/25/23,Customer 812,MO,MPG 10,CG 146,Product 4937,contract 39302,Special Rebate,3.8,1,2.29,21,3.8
01/11/23,Customer 928,DE,MPG 10,CG 71,Product 4937,contract 39764,Special Rebate,3.44,1,2.29,21,3.44
03/21/23,Customer 948,MN,MPG 10,CG 153,Product 4937,contract 39744,Special Rebate,2.82,1,2.29,21,2.82
04/18/23,Customer 873,CO,MPG 10,CG 126,Product 4937,contract 39909,Special Rebate,4.88,2,4.58,21,2.44
04/08/23,Customer 970,MO,MPG 10,CG 146,Product 4949,contract 39881,Special Discount,37.5,10,27.19,32,3.75
01/12/23,Customer 846,ID,MPG 10,CG 85,Product 4960,contract 39634,Special Rebate,232.38,9,84.51,147,25.82
04/22/23,Customer 873,CO,MPG 10,CG 126,Product 4960,contract 39966,Special Rebate,20.8,1,9.39,147,20.8
12/15/23,Customer 928,DE,MPG 10,CG 71,Product 4960,contract 39759,Special Rebate,176.26,7,65.72,147,25.18
08/12/23,Customer 937,NC,MPG 10,CG 104,Product 4960,contract 39646,Special Rebate,26.54,1,9.39,147,26.54
08/15/23,Customer 922,OH,MPG 10,CG 19,Product 4960,contract 40188,Special Rebate,163.08,9,84.49,147,18.12
09/12/23,Customer 860,PA,MPG 10,CG 72,Product 4960,contract 39949,Special Rebate,44.06,2,18.78,147,22.03
06/24/23,Customer 873,CO,MPG 10,CG 126,Product 4960,contract 40236,Special Rebate,536.48,28,262.92,147,19.16
07/21/23,Customer 938,WV,MPG 10,CG 44,Product 4960,contract 40320,Special Rebate,307.4,10,93.9,147,30.74
01/18/23,Customer 928,DE,MPG 10,CG 71,Product 4960,contract 39762,Special Rebate,94.68,3,28.17,147,31.56
05/20/23,Customer 812,MO,MPG 10,CG 146,Product 4960,contract 39303,Special Rebate,452.16,12,112.68,147,37.68
01/01/23,Customer 863,GA,MPG 10,CG 110,Product 4960,contract 39945,Special Rebate,17.51,1,9.39,147,17.51
06/01/23,Customer 812,MO,MPG 10,CG 146,Product 4960,contract 39330,Special Rebate,268.08,12,112.68,147,22.34
09/14/23,Customer 807,TX,MPG 10,CG 36,Product 4960,contract 39974,Special Rebate,362.88,14,131.45,147,25.92
04/27/23,Customer 1444,OH,MPG 10,CG 13,Product 4960,contract 40137,Special Rebate,140.96,8,75.1,147,17.62
12/05/23,Customer 380,WI,MPG 10,CG 153,Product 4960,contract 39487,Special Rebate,141.9,5,46.95,147,28.38
01/11/23,Customer 73,VA,MPG 10,CG 46,Product 4960,contract 39313,Special Rebate,152.32,6,56.34,147,25.39
11/08/23,Customer 970,GA,MPG 10,CG 109,Product 4961,contract 39881,Special Discount,1144.35,45,422.45,147,25.43
07/04/23,Customer 829,TX,MPG 10,CG 39,Product 4964,contract 39604,Special Rebate,255.5,7,77.14,294,36.5
06/03/23,Customer 1007,FL,MPG 10,CG 3,Product 4964,contract 39891,Special Rebate,286.92,9,99.15,294,31.88
10/30/23,Customer 1046,IN,MPG 10,CG 15,Product 4964,contract 40165,Special Rebate,28.07,1,11.02,294,28.07
07/06/23,Customer 911,WA,MPG 10,CG 87,Product 4964,contract 39266,Special Rebate,45.85,1,11.02,294,45.85
12/09/23,Customer 873,CO,MPG 10,CG 126,Product 4964,contract 39909,Special Rebate,248.15,7,77.11,294,35.45
08/08/23,Customer 1021,FL,MPG 10,CG 7,Product 4964,contract 40041,Special Rebate,104.84,4,44.08,294,26.21
04/22/23,Customer 823,TX,MPG 10,CG 36,Product 4964,contract 39361,Special Rebate,168.49,3,33.06,294,56.16
06/27/23,Customer 1007,FL,MPG 10,CG 3,Product 4964,contract 39891,Special Rebate,97.08,3,33.05,294,32.36
08/20/23,Customer 913,LA,MPG 10,CG 38,Product 4964,contract 39725,Special Rebate,805.14,21,231.37,294,38.34
02/18/23,Customer 898,IN,MPG 10,CG 15,Product 4964,contract 40234,Special Rebate,75.2,2,22.04,294,37.6
04/07/23,Customer 817,UT,MPG 10,CG 127,Product 4964,contract 39295,Special Rebate,42.4,1,11.02,294,42.4
05/21/23,Customer 754,UT,MPG 10,CG 127,Product 4964,contract 39638,Special Rebate,212.9,4,44.08,294,53.23
10/10/23,Customer 911,WA,MPG 10,CG 87,Product 4966,contract 39265,Special Rebate,12.1,2,9.62,48,6.05
09/01/23,Customer 1003,SC,MPG 10,CG 108,Product 4966,contract 39904,Special Rebate,5.75,1,4.81,48,5.75
11/21/23,Customer 904,OH,MPG 10,CG 18,Product 4966,contract 40184,Special Rebate,33.11,7,33.67,48,4.73
03/01/23,Customer 380,WI,MPG 10,CG 153,Product 4966,contract 39487,Special Rebate,40.44,6,28.86,48,6.74
12/04/23,Customer 902,GA,MPG 10,CG 109,Product 4966,contract 39596,Special Rebate,7.69,1,4.81,48,7.69
03/27/23,Customer 890,TN,MPG 10,CG 101,Product 4966,contract 40266,Special Rebate,39.24,6,28.86,48,6.54
04/19/23,Customer 1003,SC,MPG 10,CG 96,Product 4966,contract 39938,Special Rebate,5.02,1,4.81,48,5.02
07/17/23,Customer 1008,TX,MPG 10,CG 40,Product 4966,contract 39289,Special Rebate,6.88,1,4.81,48,6.88
09/17/23,Customer 928,DE,MPG 10,CG 71,Product 4966,contract 39758,Special Rebate,21.27,3,14.43,48,7.09
01/16/23,Customer 945,NJ,MPG 10,CG 84,Product 4966,contract 39668,Special Rebate,73.81,10,48.1,48,7.38
01/10/23,Customer 1007,FL,MPG 10,CG 3,Product 4966,contract 39891,Special Rebate,19.44,3,14.43,48,6.48
03/01/23,Customer 958,TN,MPG 10,CG 98,Product 4969,contract 39911,Special Rebate,6.12,1,4.8,48,6.12
04/04/23,Customer 1036,AL,MPG 10,CG 97,Product 4969,contract 40022,Special Rebate,18.54,3,14.4,48,6.18
01/14/23,Customer 928,DE,MPG 10,CG 71,Product 4969,contract 39760,Special Rebate,14.18,2,9.6,48,7.09
05/18/23,Customer 419,OH,MPG 10,CG 13,Product 4969,contract 40087,Special Rebate,38.71,7,33.6,48,5.53
02/13/23,Customer 948,MN,MPG 10,CG 153,Product 4969,contract 39750,Special Rebate,41.75,5,24,48,8.35
11/24/23,Customer 60,TX,MPG 10,CG 34,Product 4969,contract 39308,Special Rebate,60.56,8,38.4,48,7.57
02/24/23,Customer 873,CO,MPG 10,CG 126,Product 4969,contract 39909,Special Rebate,540.45,109,523.13,48,4.96
11/14/23,Customer 582,MS,MPG 10,CG 37,Product 4969,contract 40094,Special Rebate,144.9,25,119.98,48,5.8
05/21/23,Customer 911,OR,MPG 10,CG 93,Product 4969,contract 40253,Special Rebate,230.59,40,191.97,48,5.76
09/27/23,Customer 963,FL,MPG 10,CG 5,Product 4969,contract 39352,Special Rebate,22.04,4,19.2,48,5.51
08/22/23,Customer 1036,AL,MPG 10,CG 97,Product 4969,contract 40022,Special Rebate,45.01,7,33.6,48,6.43
04/05/23,Customer 818,FL,MPG 10,CG 4,Product 4969,contract 39663,Special Rebate,146.59,33,158.4,48,4.44
08/08/23,Customer 107,IN,MPG 10,CG 48,Product 4969,contract 39332,Special Rebate,349.53,61,292.75,48,5.73
04/02/23,Customer 812,MO,MPG 10,CG 146,Product 4969,contract 39303,Special Rebate,113.44,16,76.8,48,7.09
08/13/23,Customer 1046,IN,MPG 10,CG 15,Product 4969,contract 40165,Special Rebate,123.5,26,124.8,48,4.75
09/18/23,Customer 945,NJ,MPG 10,CG 84,Product 4969,contract 39668,Special Rebate,273.12,37,177.58,48,7.38
06/29/23,Customer 1124,PA,MPG 10,CG 78,Product 4969,contract 39658,Special Rebate,750.63,131,628.79,48,5.73
11/04/23,Customer 937,NC,MPG 10,CG 103,Product 4969,contract 39654,Special Rebate,24.4,4,19.2,48,6.1
08/08/23,Customer 812,MO,MPG 10,CG 146,Product 4969,contract 39299,Special Rebate,43.8,6,28.8,48,7.3
02/23/23,Customer 957,TX,MPG 10,CG 36,Product 4969,contract 39686,Special Rebate,12.44,2,9.6,48,6.22
05/30/23,Customer 829,TX,MPG 10,CG 40,Product 4969,contract 40047,Special Rebate,29.3,5,24,48,5.86
04/15/23,Customer 940,AR,MPG 10,CG 117,Product 4969,contract 39739,Special Rebate,22.17,3,14.4,48,7.39
05/18/23,Customer 1008,TX,MPG 10,CG 40,Product 4969,contract 40356,Special Rebate,48.86,7,33.6,48,6.98
12/18/23,Customer 381,TN,MPG 10,CG 101,Product 4969,contract 39505,Special Rebate,140,25,119.98,48,5.6
08/21/23,Customer 818,FL,MPG 10,CG 4,Product 4969,contract 39297,Special Rebate,323.68,68,326.37,48,4.76
05/31/23,Customer 873,CO,MPG 10,CG 126,Product 4969,contract 39909,Special Rebate,676.7,134,643.14,48,5.05
10/01/23,Customer 882,OH,MPG 10,CG 17,Product 4969,contract 39395,Special Rebate,124.32,21,100.8,48,5.92
01/02/23,Customer 894,SD,MPG 10,CG 152,Product 4969,contract 39359,Special Rebate,89.73,9,43.2,48,9.97
05/30/23,Customer 924,TX,MPG 10,CG 36,Product 4969,contract 40042,Special Rebate,9.2,1,4.8,48,9.2
03/02/23,Customer 852,IA,MPG 10,CG 151,Product 4969,contract 40317,Special Rebate,97.68,12,57.6,48,8.14
08/09/23,Customer 911,OR,MPG 10,CG 93,Product 4969,contract 40253,Special Rebate,23.4,4,19.2,48,5.85
07/25/23,Customer 948,MN,MPG 10,CG 153,Product 4969,contract 39706,Special Rebate,68.4,10,48,48,6.84
07/03/23,Customer 928,DE,MPG 10,CG 71,Product 4969,contract 39762,Special Rebate,104.39,14,67.2,48,7.46
06/16/23,Customer 873,CO,MPG 10,CG 126,Product 4969,contract 40236,Special Rebate,107.61,17,81.6,48,6.33
05/28/23,Customer 913,LA,MPG 10,CG 38,Product 4969,contract 39725,Special Rebate,211.18,35,168,48,6.03
01/29/23,Customer 1574,PA,MPG 10,CG 78,Product 4969,contract 40338,Special Rebate,100.8,16,76.8,48,6.3
03/15/23,Customer 873,CO,MPG 10,CG 126,Product 4969,contract 39909,Special Rebate,913.14,178,854.31,48,5.13
10/31/23,Customer 60,TX,MPG 10,CG 34,Product 4969,contract 39308,Special Rebate,143.82,18,86.4,48,7.99
03/22/23,Customer 818,FL,MPG 10,CG 6,Product 4973,contract 39774,Special Rebate,6.24,1,4.83,48,6.24
05/07/23,Customer 873,CO,MPG 10,CG 126,Product 4973,contract 39909,Special Rebate,200.07,39,188.23,48,5.13
11/05/23,Customer 887,NC,MPG 10,CG 94,Product 4973,contract 39290,Special Rebate,71.15,12,57.92,48,5.93
01/06/23,Customer 934,SC,MPG 10,CG 107,Product 4973,contract 39732,Special Rebate,6.56,1,4.83,48,6.56
03/05/23,Customer 887,NC,MPG 10,CG 94,Product 4973,contract 39290,Special Rebate,17.79,3,14.49,48,5.93
07/25/23,Customer 1021,FL,MPG 10,CG 7,Product 4973,contract 40041,Special Rebate,24.6,6,28.96,48,4.1
03/17/23,Customer 873,CO,MPG 10,CG 126,Product 4973,contract 39909,Special Rebate,241.11,47,226.82,48,5.13
09/08/23,Customer 865,TX,MPG 10,CG 36,Product 4973,contract 39450,Special Rebate,433.15,94,453.65,48,4.61
03/20/23,Customer 928,PA,MPG 10,CG 74,Product 4974,contract 39877,Special Rebate,35.45,5,24.2,48,7.09
11/19/23,Customer 1036,AL,MPG 10,CG 97,Product 4974,contract 40022,Special Rebate,55.62,9,43.56,48,6.18
10/12/23,Customer 818,FL,MPG 10,CG 4,Product 4974,contract 40128,Special Rebate,59.36,14,67.76,48,4.24
03/09/23,Customer 957,TX,MPG 10,CG 35,Product 4974,contract 40015,Special Rebate,70.68,12,58.08,48,5.89
03/14/23,Customer 885,TX,MPG 10,CG 36,Product 4974,contract 39660,Special Rebate,169.74,23,111.32,48,7.38
08/21/23,Customer 582,MS,MPG 10,CG 37,Product 4974,contract 40094,Special Rebate,431.25,75,362.98,48,5.75
06/02/23,Customer 818,FL,MPG 10,CG 4,Product 4974,contract 39297,Special Rebate,823.48,173,837.32,48,4.76
08/03/23,Customer 928,PA,MPG 10,CG 70,Product 4974,contract 39765,Special Rebate,69.68,8,38.72,48,8.71
02/17/23,Customer 902,GA,MPG 10,CG 109,Product 4974,contract 39596,Special Rebate,160.38,22,106.48,48,7.29
04/03/23,Customer 1012,GA,MPG 10,CG 96,Product 4974,contract 40161,Special Rebate,532.06,116,561.4,48,4.59
05/16/23,Customer 823,TX,MPG 10,CG 36,Product 4974,contract 39361,Special Rebate,58.96,8,38.72,48,7.37
02/01/23,Customer 1004,NC,MPG 10,CG 105,Product 4974,contract 40136,Special Rebate,87.61,13,62.92,48,6.74
11/03/23,Customer 149,SC,MPG 10,CG 95,Product 4974,contract 40014,Special Rebate,223.63,28,135.52,48,7.99
03/03/23,Customer 873,CO,MPG 10,CG 126,Product 4974,contract 40236,Special Rebate,218.4,35,169.4,48,6.24
06/15/23,Customer 812,MO,MPG 10,CG 146,Product 4974,contract 39303,Special Rebate,300.57,43,208.11,48,6.99
03/13/23,Customer 904,OH,MPG 10,CG 18,Product 4974,contract 40312,Special Rebate,29.4,7,33.88,48,4.2
08/05/23,Customer 928,DE,MPG 10,CG 71,Product 4974,contract 39762,Special Rebate,81.07,11,53.24,48,7.37
08/27/23,Customer 829,TX,MPG 10,CG 39,Product 4974,contract 39604,Special Rebate,102.51,17,82.28,48,6.03
06/23/23,Customer 1003,SC,MPG 10,CG 108,Product 4974,contract 39907,Special Rebate,518.3,73,353.3,48,7.1
01/24/23,Customer 957,TX,MPG 10,CG 36,Product 4974,contract 39686,Special Rebate,37.23,6,29.04,48,6.21
10/04/23,Customer 931,MS,MPG 10,CG 102,Product 4974,contract 40052,Special Rebate,100.83,16,77.44,48,6.3
09/06/23,Customer 938,WV,MPG 10,CG 44,Product 4974,contract 40320,Special Rebate,217.79,29,140.36,48,7.51
12/02/23,Customer 958,TN,MPG 10,CG 99,Product 4974,contract 39911,Special Rebate,315.54,49,237.16,48,6.44
08/22/23,Customer 958,TN,MPG 10,CG 115,Product 4974,contract 39911,Special Rebate,64.6,10,48.4,48,6.46
01/13/23,Customer 937,NC,MPG 10,CG 103,Product 4974,contract 39654,Special Rebate,97.54,16,77.44,48,6.1
06/08/23,Customer 928,DE,MPG 10,CG 71,Product 4974,contract 39759,Special Rebate,178.36,26,125.84,48,6.86
08/04/23,Customer 928,DE,MPG 10,CG 71,Product 4974,contract 39758,Special Rebate,52.36,7,33.88,48,7.48
06/25/23,Customer 937,NC,MPG 10,CG 103,Product 4974,contract 39652,Special Rebate,27.92,4,19.36,48,6.98
05/08/23,Customer 937,NC,MPG 10,CG 104,Product 4974,contract 39649,Special Rebate,159.28,22,106.48,48,7.24
09/02/23,Customer 1003,SC,MPG 10,CG 108,Product 4974,contract 39904,Special Rebate,28.75,5,24.2,48,5.75
01/01/23,Customer 269,KS,MPG 10,CG 148,Product 4974,contract 40281,Special Rebate,31.2,4,19.36,48,7.8
09/16/23,Customer 860,PA,MPG 10,CG 72,Product 4974,contract 39700,Special Rebate,157.56,26,125.84,48,6.06
09/05/23,Customer 928,PA,MPG 10,CG 70,Product 4974,contract 39765,Special Rebate,100.92,11,53.24,48,9.17
11/05/23,Customer 970,UT,MPG 10,CG 142,Product 4974,contract 39881,Special Discount,487.2,60,290.37,48,8.12
05/19/23,Customer 40,CO,MPG 10,CG 125,Product 4974,contract 39879,Special Rebate,22.8,3,14.52,48,7.6
02/18/23,Customer 902,GA,MPG 10,CG 109,Product 4974,contract 39596,Special Rebate,138.42,18,87.12,48,7.69
08/10/23,Customer 945,PA,MPG 10,CG 70,Product 4974,contract 39895,Special Rebate,15.98,2,9.68,48,7.99
08/05/23,Customer 823,TX,MPG 10,CG 36,Product 4974,contract 39954,Special Rebate,412.32,69,333.94,48,5.98
01/13/23,Customer 1007,FL,MPG 10,CG 3,Product 4974,contract 39891,Special Rebate,471.74,73,353.32,48,6.46
06/08/23,Customer 829,TX,MPG 10,CG 39,Product 4974,contract 39606,Special Rebate,66.08,8,38.72,48,8.26
08/28/23,Customer 885,TX,MPG 10,CG 36,Product 4974,contract 39660,Special Rebate,78,10,48.4,48,7.8
04/03/23,Customer 963,FL,MPG 10,CG 6,Product 4974,contract 40187,Special Rebate,66,11,53.24,48,6
08/27/23,Customer 829,TX,MPG 10,CG 40,Product 4974,contract 39987,Special Rebate,143.35,26,125.84,48,5.51
07/23/23,Customer 934,NC,MPG 10,CG 105,Product 4974,contract 39732,Special Rebate,51.68,8,38.72,48,6.46
01/19/23,Customer 890,TN,MPG 10,CG 101,Product 4974,contract 40266,Special Rebate,272.24,41,198.43,48,6.64
11/23/23,Customer 260,MS,MPG 10,CG 37,Product 4974,contract 39421,Special Discount,299,50,241.98,48,5.98
02/27/23,Customer 47,GA,MPG 10,CG 110,Product 4974,contract 40314,Special Rebate,18.87,3,14.52,48,6.29
01/07/23,Customer 1003,SC,MPG 10,CG 108,Product 4974,contract 39907,Special Rebate,209.09,29,140.36,48,7.21
02/14/23,Customer 818,FL,MPG 10,CG 4,Product 4974,contract 39297,Special Rebate,1290.14,257,1243.87,48,5.02
10/05/23,Customer 1489,NC,MPG 10,CG 94,Product 4974,contract 40185,Special Rebate,437.25,75,363,48,5.83
12/02/23,Customer 957,TX,MPG 10,CG 36,Product 4974,contract 40015,Special Rebate,55.17,9,43.56,48,6.13
02/06/23,Customer 946,MS,MPG 10,CG 102,Product 4974,contract 39376,Special Rebate,168,21,101.64,48,8
12/26/23,Customer 829,TX,MPG 10,CG 40,Product 4974,contract 39987,Special Rebate,369.84,69,333.93,48,5.36
02/20/23,Customer 902,GA,MPG 10,CG 109,Product 4974,contract 39593,Special Rebate,462.78,54,261.36,48,8.57
01/12/23,Customer 854,TN,MPG 10,CG 116,Product 4974,contract 40332,Special Rebate,56.7,9,43.56,48,6.3
05/24/23,Customer 812,MO,MPG 10,CG 146,Product 4974,contract 39303,Special Rebate,475.03,67,324.28,48,7.09
01/01/23,Customer 963,FL,MPG 10,CG 6,Product 4974,contract 40187,Special Rebate,87.36,14,67.76,48,6.24
04/24/23,Customer 942,SC,MPG 10,CG 108,Product 4974,contract 39398,Special Rebate,716.49,100,483.99,48,7.16
07/09/23,Customer 1021,FL,MPG 10,CG 7,Product 4974,contract 40041,Special Rebate,479.52,111,537.22,48,4.32
02/20/23,Customer 852,IA,MPG 10,CG 151,Product 4974,contract 39315,Special Rebate,555.1,65,314.6,48,8.54
10/18/23,Customer 830,TX,MPG 10,CG 118,Product 4974,contract 39601,Special Rebate,458.15,77,372.67,48,5.95
12/03/23,Customer 840,MT,MPG 10,CG 86,Product 4974,contract 39405,Special Rebate,253.08,36,174.24,48,7.03
11/18/23,Customer 839,IA,MPG 10,CG 152,Product 4974,contract 39406,Special Rebate,72.81,9,43.56,48,8.09
10/02/23,Customer 832,TN,MPG 10,CG 99,Product 4974,contract 40142,Special Rebate,116.16,22,106.48,48,5.28
08/14/23,Customer 1003,SC,MPG 10,CG 108,Product 4974,contract 39907,Special Rebate,437.94,61,295.21,48,7.18
01/02/23,Customer 970,IN,MPG 10,CG 16,Product 4974,contract 39881,Special Discount,783.4,95,459.78,48,8.25
10/02/23,Customer 958,TN,MPG 10,CG 99,Product 4974,contract 39911,Special Rebate,600.78,93,450.11,48,6.46
03/22/23,Customer 928,DE,MPG 10,CG 71,Product 4974,contract 39763,Special Rebate,67.32,9,43.56,48,7.48
03/06/23,Customer 885,TX,MPG 10,CG 36,Product 4974,contract 39660,Special Rebate,148.2,19,91.96,48,7.8
03/10/23,Customer 1124,PA,MPG 10,CG 78,Product 4974,contract 39658,Special Rebate,762.09,133,643.71,48,5.73
11/01/23,Customer 818,FL,MPG 10,CG 4,Product 4980,contract 39663,Special Rebate,8.82,2,11.38,53,4.41
02/28/23,Customer 818,FL,MPG 10,CG 6,Product 4980,contract 39774,Special Rebate,18.72,3,17.08,53,6.24
10/25/23,Customer 928,DE,MPG 10,CG 71,Product 4980,contract 39746,Special Rebate,101.89,14,79.69,53,7.28
06/09/23,Customer 807,TX,MPG 10,CG 36,Product 4980,contract 39974,Special Rebate,12.94,2,11.38,53,6.47
08/11/23,Customer 829,TX,MPG 10,CG 40,Product 4980,contract 39987,Special Rebate,33.9,6,34.15,53,5.65
05/25/23,Customer 863,SC,MPG 10,CG 95,Product 4980,contract 39945,Special Rebate,74.49,13,74,53,5.73
04/02/23,Customer 1007,FL,MPG 10,CG 3,Product 4980,contract 39891,Special Rebate,149.04,23,130.92,53,6.48
03/23/23,Customer 887,NC,MPG 10,CG 94,Product 4982,contract 39290,Special Rebate,286.11,51,290.35,53,5.61
03/20/23,Customer 873,CO,MPG 10,CG 126,Product 4982,contract 39909,Special Rebate,611.05,121,688.8,53,5.05
03/29/23,Customer 818,FL,MPG 10,CG 4,Product 4982,contract 40128,Special Rebate,4.41,1,5.69,53,4.41
04/20/23,Customer 807,TX,MPG 10,CG 36,Product 4982,contract 39974,Special Rebate,103.52,16,91.08,53,6.47
11/15/23,Customer 812,MO,MPG 10,CG 146,Product 4982,contract 39330,Special Rebate,169.62,33,187.86,53,5.14
10/31/23,Customer 807,TX,MPG 10,CG 36,Product 4982,contract 39974,Special Rebate,207.04,32,182.15,53,6.47
08/31/23,Customer 958,TN,MPG 10,CG 99,Product 4982,contract 39911,Special Rebate,58.14,9,51.21,53,6.46
08/09/23,Customer 1003,SC,MPG 10,CG 108,Product 4982,contract 39907,Special Rebate,129.78,18,102.47,53,7.21
09/07/23,Customer 928,DE,MPG 10,CG 71,Product 4982,contract 39759,Special Rebate,88.44,12,68.31,53,7.37
09/23/23,Customer 159,FL,MPG 10,CG 10,Product 4982,contract 39366,Special Rebate,1160.82,207,1178.42,53,5.61
08/31/23,Customer 902,GA,MPG 10,CG 109,Product 4982,contract 39593,Special Rebate,51.42,6,34.16,53,8.57
10/03/23,Customer 1003,NC,MPG 10,CG 105,Product 4982,contract 39904,Special Rebate,262.8,45,256.18,53,5.84
04/20/23,Customer 1489,NC,MPG 10,CG 94,Product 4982,contract 40185,Special Rebate,172.2,28,159.37,53,6.15
06/24/23,Customer 937,NC,MPG 10,CG 104,Product 4982,contract 39650,Special Rebate,41.19,6,34.15,53,6.87
02/14/23,Customer 812,MO,MPG 10,CG 146,Product 4982,contract 39303,Special Rebate,99.26,14,79.68,53,7.09
12/29/23,Customer 1007,FL,MPG 10,CG 3,Product 4982,contract 39891,Special Rebate,77.76,12,68.31,53,6.48
09/25/23,Customer 1124,PA,MPG 10,CG 78,Product 4982,contract 39658,Special Rebate,127.53,23,130.94,53,5.54
05/10/23,Customer 829,TX,MPG 10,CG 39,Product 4982,contract 39606,Special Rebate,16.4,2,11.38,53,8.2
10/13/23,Customer 1406,LA,MPG 10,CG 38,Product 4982,contract 40106,Special Rebate,330.5,50,284.6,53,6.61
10/13/23,Customer 1054,MI,MPG 10,CG 22,Product 4982,contract 40323,Special Rebate,7.36,1,5.69,53,7.36
06/09/23,Customer 863,SC,MPG 10,CG 95,Product 4982,contract 39452,Special Rebate,30.32,4,22.77,53,7.58
12/11/23,Customer 1489,NC,MPG 10,CG 94,Product 4982,contract 40185,Special Rebate,84.84,14,79.69,53,6.06
04/21/23,Customer 829,TX,MPG 10,CG 40,Product 4982,contract 39913,Special Rebate,11.9,2,11.38,53,5.95
01/10/23,Customer 818,FL,MPG 10,CG 4,Product 4982,contract 40128,Special Rebate,89.6,20,113.85,53,4.48
03/20/23,Customer 829,TX,MPG 10,CG 40,Product 4982,contract 39987,Special Rebate,118.65,21,119.54,53,5.65
07/28/23,Customer 829,TX,MPG 10,CG 40,Product 4982,contract 39906,Special Rebate,147.86,16,91.09,53,9.24
04/05/23,Customer 873,CO,MPG 10,CG 126,Product 4982,contract 39909,Special Rebate,323.19,63,358.62,53,5.13
01/16/23,Customer 830,TX,MPG 10,CG 118,Product 4982,contract 39611,Special Rebate,61.7,10,56.93,53,6.17
01/07/23,Customer 1003,SC,MPG 10,CG 96,Product 4982,contract 39955,Special Rebate,11.32,2,11.38,53,5.66
05/19/23,Customer 934,NC,MPG 10,CG 105,Product 4982,contract 39732,Special Rebate,19.68,3,17.07,53,6.56
09/19/23,Customer 958,TN,MPG 10,CG 99,Product 4982,contract 39911,Special Rebate,323,50,284.61,53,6.46
10/18/23,Customer 1046,IN,MPG 10,CG 15,Product 4982,contract 40165,Special Rebate,171,36,204.89,53,4.75
02/06/23,Customer 873,CO,MPG 10,CG 126,Product 4986,contract 39909,Special Rebate,15.15,3,17.1,53,5.05
03/23/23,Customer 1034,FL,MPG 10,CG 112,Product 4986,contract 39779,Special Rebate,6.64,1,5.7,53,6.64
03/03/23,Customer 958,TN,MPG 10,CG 99,Product 4986,contract 39911,Special Rebate,32.3,5,28.5,53,6.46
04/26/23,Customer 829,TX,MPG 10,CG 39,Product 4986,contract 40108,Special Rebate,6.35,1,5.7,53,6.35
09/05/23,Customer 873,CO,MPG 10,CG 126,Product 4986,contract 39966,Special Rebate,7.1,1,5.7,53,7.1
10/19/23,Customer 958,TN,MPG 10,CG 99,Product 4986,contract 39911,Special Rebate,32.3,5,28.5,53,6.46
04/27/23,Customer 963,FL,MPG 10,CG 10,Product 4986,contract 39346,Special Rebate,6.94,1,5.7,53,6.94
03/22/23,Customer 381,TN,MPG 10,CG 101,Product 4986,contract 39505,Special Rebate,140,25,142.52,53,5.6
10/09/23,Customer 1012,GA,MPG 10,CG 96,Product 4988,contract 40161,Special Rebate,53.16,12,68.4,53,4.43
08/06/23,Customer 60,TX,MPG 10,CG 34,Product 4988,contract 39308,Special Rebate,989.78,121,689.78,53,8.18
11/12/23,Customer 1124,PA,MPG 10,CG 78,Product 4988,contract 39658,Special Rebate,316.4,56,319.2,53,5.65
03/24/23,Customer 1489,NC,MPG 10,CG 94,Product 4988,contract 40185,Special Rebate,147.6,24,136.8,53,6.15
04/15/23,Customer 829,TX,MPG 10,CG 39,Product 4988,contract 39604,Special Rebate,203.2,32,182.4,53,6.35
03/12/23,Customer 829,TX,MPG 10,CG 40,Product 4988,contract 40047,Special Rebate,5.95,1,5.7,53,5.95
08/03/23,Customer 957,TX,MPG 10,CG 35,Product 4988,contract 40015,Special Rebate,43.54,7,39.9,53,6.22
05/31/23,Customer 830,TX,MPG 10,CG 119,Product 4988,contract 39611,Special Rebate,18.24,3,17.1,53,6.08
12/11/23,Customer 899,FL,MPG 10,CG 8,Product 4988,contract 40158,Special Rebate,40.82,7,39.9,53,5.83
09/16/23,Customer 902,GA,MPG 10,CG 109,Product 4988,contract 39594,Special Rebate,79.2,9,51.31,53,8.8
01/29/23,Customer 260,MS,MPG 10,CG 37,Product 4988,contract 39421,Special Discount,338,50,285.04,53,6.76
05/27/23,Customer 963,FL,MPG 10,CG 10,Product 4988,contract 39885,Special Rebate,76.38,10,57,53,7.64
07/25/23,Customer 829,TX,MPG 10,CG 40,Product 4988,contract 39607,Special Rebate,15.97,2,11.4,53,7.99
03/22/23,Customer 1021,FL,MPG 10,CG 7,Product 4988,contract 40041,Special Rebate,262.36,62,353.41,53,4.23
02/01/23,Customer 957,TX,MPG 10,CG 36,Product 4988,contract 39686,Special Rebate,18.57,3,17.1,53,6.19
03/17/23,Customer 928,DE,MPG 10,CG 71,Product 4988,contract 39758,Special Rebate,44.66,6,34.2,53,7.44
11/19/23,Customer 1003,SC,MPG 10,CG 96,Product 4988,contract 39907,Special Rebate,79.31,11,62.71,53,7.21
04/16/23,Customer 970,IL,MPG 10,CG 32,Product 4988,contract 39881,Special Discount,3542.4,430,2451.26,53,8.24
10/31/23,Customer 105,GA,MPG 10,CG 110,Product 4988,contract 39307,Special Rebate,74.74,13,74.1,53,5.75
01/24/23,Customer 913,LA,MPG 10,CG 38,Product 4988,contract 39725,Special Rebate,668.61,115,655.56,53,5.81
11/24/23,Customer 805,MO,MPG 10,CG 149,Product 4988,contract 39559,Special Rebate,114.72,16,91.21,53,7.17
03/24/23,Customer 47,GA,MPG 10,CG 110,Product 4988,contract 40314,Special Rebate,6.25,1,5.7,53,6.25
07/10/23,Customer 1489,NC,MPG 10,CG 94,Product 4988,contract 40185,Special Rebate,84.84,14,79.8,53,6.06
10/10/23,Customer 986,GA,MPG 10,CG 110,Product 4988,contract 39568,Special Rebate,19.5,3,17.1,53,6.5
02/08/23,Customer 846,ID,MPG 10,CG 85,Product 4988,contract 39634,Special Rebate,30.9,5,28.5,53,6.18
11/12/23,Customer 830,TX,MPG 10,CG 118,Product 4988,contract 39601,Special Rebate,327.25,55,313.51,53,5.95
02/11/23,Customer 852,IA,MPG 10,CG 151,Product 4988,contract 39315,Special Rebate,589.26,69,393.32,53,8.54
06/15/23,Customer 963,FL,MPG 10,CG 10,Product 4988,contract 39346,Special Rebate,380.16,54,307.83,53,7.04
03/11/23,Customer 829,TX,MPG 10,CG 41,Product 4988,contract 39600,Special Rebate,33.04,4,22.8,53,8.26
12/09/23,Customer 149,SC,MPG 10,CG 95,Product 4991,contract 40014,Special Rebate,67.84,8,45.52,53,8.48
01/08/23,Customer 830,TX,MPG 10,CG 118,Product 4991,contract 39601,Special Rebate,337.8,60,341.57,53,5.63
03/17/23,Customer 854,TN,MPG 10,CG 116,Product 4991,contract 40139,Special Rebate,60.4,8,45.54,53,7.55
09/07/23,Customer 902,GA,MPG 10,CG 109,Product 4991,contract 39593,Special Rebate,121.8,15,85.38,53,8.12
02/28/23,Customer 970,IL,MPG 10,CG 32,Product 4991,contract 39881,Special Discount,727.2,90,512.3,53,8.08
06/17/23,Customer 963,FL,MPG 10,CG 10,Product 4991,contract 39886,Special Rebate,22.58,3,17.08,53,7.53
12/16/23,Customer 1036,AL,MPG 10,CG 97,Product 4991,contract 40125,Special Rebate,57.61,11,62.62,53,5.24
04/16/23,Customer 829,TX,MPG 10,CG 39,Product 4991,contract 40129,Special Rebate,42.67,7,39.85,53,6.1
04/26/23,Customer 829,TX,MPG 10,CG 40,Product 4991,contract 39987,Special Rebate,264.43,47,267.56,53,5.63
04/19/23,Customer 887,NC,MPG 10,CG 94,Product 4991,contract 39290,Special Rebate,177.6,30,170.75,53,5.92
05/06/23,Customer 963,FL,MPG 10,CG 8,Product 4991,contract 40010,Special Rebate,8.72,2,11.39,53,4.36
04/01/23,Customer 957,TX,MPG 10,CG 35,Product 4991,contract 40015,Special Rebate,37.32,6,34.16,53,6.22
07/30/23,Customer 899,FL,MPG 10,CG 8,Product 4991,contract 40296,Special Rebate,11.86,2,11.39,53,5.93
11/23/23,Customer 818,FL,MPG 10,CG 4,Product 4991,contract 40128,Special Rebate,57.33,13,74.02,53,4.41
10/09/23,Customer 885,TX,MPG 10,CG 36,Product 4991,contract 39660,Special Rebate,73.8,10,56.92,53,7.38
12/04/23,Customer 830,TX,MPG 10,CG 118,Product 4991,contract 39601,Special Rebate,281.28,48,273.28,53,5.86
10/29/23,Customer 107,IN,MPG 10,CG 48,Product 4991,contract 39332,Special Rebate,57.3,10,56.92,53,5.73
03/24/23,Customer 887,NC,MPG 10,CG 94,Product 4991,contract 39290,Special Rebate,359.04,64,364.33,53,5.61
01/14/23,Customer 107,IN,MPG 10,CG 48,Product 4991,contract 39332,Special Rebate,17.19,3,17.07,53,5.73
01/25/23,Customer 894,SD,MPG 10,CG 152,Product 4991,contract 39360,Special Rebate,39.48,4,22.77,53,9.87
04/25/23,Customer 902,GA,MPG 10,CG 109,Product 4991,contract 39594,Special Rebate,26.4,3,17.07,53,8.8
12/29/23,Customer 894,SD,MPG 10,CG 152,Product 4991,contract 39360,Special Rebate,19.44,2,11.39,53,9.72
04/19/23,Customer 928,PA,MPG 10,CG 70,Product 4991,contract 39765,Special Rebate,9.06,1,5.69,53,9.06
11/25/23,Customer 105,GA,MPG 10,CG 110,Product 4991,contract 39306,Special Rebate,60.66,9,51.23,53,6.74
11/06/23,Customer 1046,IN,MPG 10,CG 15,Product 4991,contract 40165,Special Rebate,133,28,159.4,53,4.75
12/14/23,Customer 1036,AL,MPG 10,CG 97,Product 4991,contract 40022,Special Rebate,44.01,7,39.84,53,6.29
10/20/23,Customer 1406,LA,MPG 10,CG 38,Product 4991,contract 40106,Special Rebate,584.66,91,518.04,53,6.42
03/31/23,Customer 885,TX,MPG 10,CG 36,Product 4991,contract 39660,Special Rebate,46.08,6,34.14,53,7.68
11/20/23,Customer 937,NC,MPG 10,CG 104,Product 4991,contract 39647,Special Rebate,6.86,1,5.69,53,6.86
12/01/23,Customer 1036,AL,MPG 10,CG 97,Product 4991,contract 40022,Special Rebate,91.22,14,79.69,53,6.52
12/05/23,Customer 1124,PA,MPG 10,CG 78,Product 4991,contract 39658,Special Rebate,217.74,38,216.29,53,5.73
07/25/23,Customer 1574,PA,MPG 10,CG 78,Product 4991,contract 40333,Special Rebate,78,13,73.98,53,6
06/17/23,Customer 840,MT,MPG 10,CG 86,Product 4991,contract 39405,Special Rebate,99.2,10,56.93,53,9.92
07/21/23,Customer 830,TX,MPG 10,CG 118,Product 4991,contract 39611,Special Rebate,80.21,13,74,53,6.17
12/12/23,Customer 928,DE,MPG 10,CG 71,Product 4991,contract 39758,Special Rebate,59.51,8,45.55,53,7.44
01/21/23,Customer 829,TX,MPG 10,CG 39,Product 4991,contract 40129,Special Rebate,30.8,5,28.45,53,6.16
03/07/23,Customer 105,GA,MPG 10,CG 110,Product 4991,contract 39306,Special Rebate,61.56,9,51.23,53,6.84
03/25/23,Customer 159,FL,MPG 10,CG 10,Product 4991,contract 39366,Special Rebate,515.06,91,518.02,53,5.66
10/16/23,Customer 1036,AL,MPG 10,CG 97,Product 4991,contract 40022,Special Rebate,293.85,45,256.13,53,6.53
08/05/23,Customer 948,MN,MPG 10,CG 153,Product 4991,contract 39707,Special Rebate,34.25,3,17.08,53,11.42
06/24/23,Customer 387,OK,MPG 10,CG 124,Product 4994,contract 39557,Special Rebate,66.28,4,37.59,111,16.57
10/09/23,Customer 873,CO,MPG 10,CG 126,Product 4994,contract 40236,Special Rebate,60.66,3,28.2,111,20.22
01/31/23,Customer 818,FL,MPG 10,CG 4,Product 4997,contract 39663,Special Rebate,13.16,1,9.41,147,13.16
01/20/23,Customer 852,IA,MPG 10,CG 151,Product 5000,contract 39315,Special Rebate,30.87,1,9.5,147,30.87
05/28/23,Customer 1012,GA,MPG 10,CG 96,Product 5011,contract 40161,Special Rebate,99,3,113.68,277,33
05/31/23,Customer 873,CO,MPG 10,CG 126,Product 5011,contract 40236,Special Rebate,974.35,13,492.57,277,74.95
07/15/23,Customer 873,CO,MPG 10,CG 126,Product 5011,contract 40236,Special Rebate,299.8,4,151.56,277,74.95
03/04/23,Customer 830,TX,MPG 10,CG 118,Product 5011,contract 39611,Special Rebate,175.17,3,113.68,277,58.39
02/19/23,Customer 957,TX,MPG 10,CG 35,Product 5012,contract 40015,Special Rebate,17.08,7,13.85,21,2.44
12/25/23,Customer 818,FL,MPG 10,CG 4,Product 5012,contract 39297,Special Rebate,123.24,52,102.87,21,2.37
03/05/23,Customer 970,TN,MPG 10,CG 116,Product 5012,contract 39881,Special Discount,278.4,80,158.24,21,3.48
12/30/23,Customer 812,MO,MPG 10,CG 146,Product 5012,contract 39330,Special Rebate,897.92,368,727.9,21,2.44
10/06/23,Customer 16,CO,MPG 10,CG 126,Product 5012,contract 39268,Special Rebate,213.85,65,128.57,21,3.29
10/25/23,Customer 957,TX,MPG 10,CG 36,Product 5012,contract 40015,Special Rebate,51.6,20,39.56,21,2.58
06/11/23,Customer 16,CO,MPG 10,CG 126,Product 5012,contract 39268,Special Rebate,100.44,31,61.32,21,3.24
04/14/23,Customer 823,TX,MPG 10,CG 36,Product 5014,contract 39361,Special Rebate,94.08,32,63.14,21,2.94
11/01/23,Customer 873,CO,MPG 10,CG 126,Product 5014,contract 40236,Special Rebate,608.39,222,438.07,21,2.74
12/25/23,Customer 1008,TX,MPG 10,CG 40,Product 5014,contract 40061,Special Rebate,14.12,4,7.89,21,3.53
07/21/23,Customer 812,MO,MPG 10,CG 146,Product 5014,contract 39330,Special Rebate,402.6,165,325.62,21,2.44
07/28/23,Customer 60,TX,MPG 10,CG 34,Product 5014,contract 39308,Special Rebate,19.3,5,9.86,21,3.86
10/18/23,Customer 873,CO,MPG 10,CG 126,Product 5014,contract 40236,Special Rebate,715.35,251,495.32,21,2.85
06/11/23,Customer 16,CO,MPG 10,CG 126,Product 5014,contract 39268,Special Rebate,427.68,132,260.47,21,3.24
05/25/23,Customer 469,PA,MPG 10,CG 78,Product 5014,contract 39572,Special Rebate,55.08,17,33.55,21,3.24
01/30/23,Customer 694,OK,MPG 10,CG 123,Product 5014,contract 39635,Special Rebate,45.3,15,29.59,21,3.02
08/07/23,Customer 873,CO,MPG 10,CG 126,Product 5014,contract 40236,Special Rebate,772.35,271,534.75,21,2.85
09/06/23,Customer 846,ID,MPG 10,CG 85,Product 5014,contract 39634,Special Rebate,118.02,42,82.89,21,2.81
10/24/23,Customer 904,OH,MPG 10,CG 18,Product 5014,contract 40184,Special Rebate,63,25,49.33,21,2.52
11/04/23,Customer 1140,TX,MPG 10,CG 119,Product 5014,contract 39664,Special Rebate,660.39,255,503.23,21,2.59
03/07/23,Customer 970,TX,MPG 10,CG 118,Product 5014,contract 39881,Special Discount,7100,2000,3946.88,21,3.55
08/18/23,Customer 1140,TX,MPG 10,CG 119,Product 5014,contract 39664,Special Rebate,493.57,190,374.95,21,2.6
07/02/23,Customer 963,FL,MPG 10,CG 9,Product 5014,contract 39341,Special Rebate,86.25,28,55.26,21,3.08
09/17/23,Customer 911,OR,MPG 10,CG 93,Product 5014,contract 40253,Special Rebate,14.23,5,9.87,21,2.85
04/14/23,Customer 902,GA,MPG 10,CG 109,Product 5014,contract 39593,Special Rebate,39.05,11,21.71,21,3.55
03/21/23,Customer 873,CO,MPG 10,CG 126,Product 5014,contract 39909,Special Rebate,351.85,155,305.87,21,2.27
01/08/23,Customer 830,TX,MPG 10,CG 118,Product 5014,contract 39601,Special Rebate,281.84,104,205.24,21,2.71
03/30/23,Customer 890,TN,MPG 10,CG 101,Product 5017,contract 40266,Special Rebate,67.2,24,47.84,21,2.8
02/01/23,Customer 830,TX,MPG 10,CG 118,Product 5017,contract 39601,Special Rebate,18.69,7,13.96,21,2.67
07/05/23,Customer 970,OH,MPG 10,CG 17,Product 5022,contract 39881,Special Discount,82.8,10,42.08,48,8.28
08/16/23,Customer 837,TX,MPG 10,CG 121,Product 5022,contract 39385,Special Rebate,29.26,3,12.62,48,9.75
04/03/23,Customer 957,TX,MPG 10,CG 35,Product 5023,contract 40015,Special Rebate,18.15,3,12.6,48,6.05
06/29/23,Customer 890,TN,MPG 10,CG 101,Product 5023,contract 40266,Special Rebate,13.28,2,8.4,48,6.64
08/03/23,Customer 924,TX,MPG 10,CG 119,Product 5023,contract 40151,Special Rebate,16.03,2,8.4,48,8.02
02/19/23,Customer 887,NC,MPG 10,CG 94,Product 5024,contract 39290,Special Rebate,33.72,6,25.38,48,5.62
02/18/23,Customer 818,FL,MPG 10,CG 4,Product 5025,contract 40128,Special Rebate,151.12,35,148.33,48,4.32
11/30/23,Customer 970,TN,MPG 10,CG 101,Product 5025,contract 39881,Special Discount,730.8,90,381.43,48,8.12
10/03/23,Customer 829,TX,MPG 10,CG 39,Product 5025,contract 40129,Special Rebate,11.08,2,8.48,48,5.54
03/12/23,Customer 873,CO,MPG 10,CG 126,Product 5025,contract 40236,Special Rebate,386.13,61,258.57,48,6.33
05/01/23,Customer 958,TN,MPG 10,CG 115,Product 5025,contract 39911,Special Rebate,5.91,1,4.24,48,5.91
11/17/23,Customer 963,FL,MPG 10,CG 10,Product 5025,contract 39346,Special Rebate,27.76,4,16.95,48,6.94
01/16/23,Customer 1001,AZ,MPG 10,CG 142,Product 5025,contract 39881,Special Discount,82.8,10,42.38,48,8.28
03/15/23,Customer 873,CO,MPG 10,CG 126,Product 5025,contract 39909,Special Rebate,851.58,166,703.56,48,5.13
11/14/23,Customer 818,FL,MPG 10,CG 4,Product 5025,contract 39663,Special Rebate,26.46,6,25.43,48,4.41
06/06/23,Customer 1009,FL,MPG 10,CG 3,Product 5025,contract 39416,Special Rebate,310.42,47,199.19,48,6.6
09/15/23,Customer 1036,AL,MPG 10,CG 97,Product 5025,contract 40022,Special Rebate,39.18,6,25.44,48,6.53
10/09/23,Customer 456,NJ,MPG 10,CG 84,Product 5027,contract 39565,Special Rebate,9.22,1,5.5,53,9.22
12/15/23,Customer 864,FL,MPG 10,CG 9,Product 5027,contract 40082,Special Rebate,6.33,1,5.5,53,6.33
08/14/23,Customer 16,CO,MPG 10,CG 126,Product 5027,contract 39268,Special Rebate,277.6,40,220,53,6.94
10/09/23,Customer 873,CO,MPG 10,CG 126,Product 5028,contract 40236,Special Rebate,6.33,1,5.51,53,6.33
04/16/23,Customer 829,TX,MPG 10,CG 40,Product 5029,contract 39913,Special Rebate,11.44,2,11.01,53,5.72
05/09/23,Customer 970,IL,MPG 10,CG 32,Product 5029,contract 39881,Special Discount,404,50,275.35,53,8.08
02/19/23,Customer 873,CO,MPG 10,CG 126,Product 5029,contract 39909,Special Rebate,164.16,32,176.24,53,5.13
06/01/23,Customer 807,TX,MPG 10,CG 36,Product 5029,contract 39974,Special Rebate,216.81,33,181.76,53,6.57
01/21/23,Customer 830,TX,MPG 10,CG 118,Product 5029,contract 39601,Special Rebate,148.75,25,137.68,53,5.95
02/04/23,Customer 963,FL,MPG 10,CG 10,Product 5029,contract 39346,Special Rebate,140.8,20,110.14,53,7.04
10/30/23,Customer 890,TN,MPG 10,CG 101,Product 5029,contract 40266,Special Rebate,59.76,9,49.56,53,6.64
06/05/23,Customer 970,TN,MPG 12,CG 101,Product 5041,contract 39882,Special Discount,113.52,6,79.5,110,18.92
01/07/23,Customer 1012,GA,MPG 12,CG 96,Product 5047,contract 40161,Special Rebate,47.53,2,44.6,168,23.77
12/11/23,Customer 1003,SC,MPG 12,CG 108,Product 5047,contract 39907,Special Rebate,50,2,44.6,168,25
09/02/23,Customer 456,NJ,MPG 12,CG 84,Product 5047,contract 39565,Special Rebate,196.4,5,111.5,168,39.28
04/15/23,Customer 873,CO,MPG 12,CG 126,Product 5047,contract 40236,Special Rebate,299.88,12,267.6,168,24.99
12/12/23,Customer 754,UT,MPG 12,CG 127,Product 5047,contract 39638,Special Rebate,145.9,5,111.5,168,29.18
12/28/23,Customer 1001,GA,MPG 12,CG 110,Product 5052,contract 39881,Special Discount,129.3,5,113.92,170,25.86
11/02/23,Customer 963,FL,MPG 12,CG 9,Product 5055,contract 39341,Special Rebate,105.64,2,53.96,268,52.82
11/13/23,Customer 887,NC,MPG 12,CG 94,Product 5055,contract 39290,Special Rebate,972.14,26,701.48,268,37.39
10/09/23,Customer 807,TX,MPG 12,CG 36,Product 5055,contract 39974,Special Rebate,663.52,22,593.56,268,30.16
09/29/23,Customer 818,FL,MPG 12,CG 6,Product 5055,contract 39774,Special Rebate,237.12,8,215.84,268,29.64
12/18/23,Customer 818,FL,MPG 12,CG 6,Product 5055,contract 39774,Special Rebate,146.88,5,134.9,268,29.38
04/23/23,Customer 818,FL,MPG 12,CG 4,Product 5055,contract 40128,Special Rebate,118.32,3,80.94,268,39.44
03/25/23,Customer 60,TX,MPG 12,CG 34,Product 5055,contract 39308,Special Rebate,155.91,3,80.94,268,51.97
01/16/23,Customer 829,TX,MPG 12,CG 40,Product 5055,contract 39913,Special Rebate,37.85,1,26.98,268,37.85
01/14/23,Customer 807,TX,MPG 12,CG 36,Product 5055,contract 39974,Special Rebate,550.98,18,485.64,268,30.61
04/29/23,Customer 924,TX,MPG 12,CG 118,Product 5055,contract 40159,Special Rebate,188.25,4,107.92,268,47.06
11/06/23,Customer 873,CO,MPG 12,CG 126,Product 5055,contract 40236,Special Rebate,760.32,16,431.68,268,47.52
11/06/23,Customer 873,CO,MPG 12,CG 126,Product 5055,contract 40236,Special Rebate,522.72,11,296.78,268,47.52
09/29/23,Customer 829,TX,MPG 12,CG 39,Product 5055,contract 39604,Special Rebate,167.04,4,107.92,268,41.76
08/25/23,Customer 830,TX,MPG 12,CG 118,Product 5059,contract 39601,Special Rebate,30.77,1,40.72,200,30.77
06/24/23,Customer 957,TX,MPG 12,CG 35,Product 5059,contract 40015,Special Rebate,75.8,2,81.44,200,37.9
05/17/23,Customer 1489,NC,MPG 12,CG 94,Product 5059,contract 40185,Special Rebate,73.52,2,81.44,200,36.76
09/29/23,Customer 882,OH,MPG 12,CG 17,Product 5059,contract 39395,Special Rebate,141.32,4,162.88,200,35.33
04/21/23,Customer 970,IN,MPG 12,CG 16,Product 5061,contract 39881,Special Discount,153.75,5,203.61,190,30.75
10/12/23,Customer 807,TX,MPG 12,CG 36,Product 5065,contract 39974,Special Rebate,591.36,12,1023.84,368,49.28
07/20/23,Customer 873,CO,MPG 12,CG 126,Product 5065,contract 40236,Special Rebate,233.04,3,255.96,368,77.68
03/10/23,Customer 159,FL,MPG 12,CG 10,Product 5067,contract 39366,Special Rebate,477.07,11,764.83,336,43.37
08/15/23,Customer 694,OK,MPG 12,CG 123,Product 5067,contract 39635,Special Rebate,53.27,1,69.53,336,53.27
08/04/23,Customer 913,LA,MPG 12,CG 38,Product 5067,contract 39725,Special Rebate,34.93,1,69.53,336,34.93
06/20/23,Customer 846,ID,MPG 12,CG 85,Product 5067,contract 39634,Special Rebate,351.42,6,417.17,336,58.57
06/24/23,Customer 963,FL,MPG 12,CG 5,Product 5067,contract 39352,Special Rebate,148.09,4,278.12,336,37.02
05/15/23,Customer 1272,NY,MPG 12,CG 80,Product 5067,contract 39776,Special Discount,1337.76,24,1668.66,336,55.74
03/02/23,Customer 1218,NY,MPG 12,CG 80,Product 5067,contract 40020,Special Rebate,2361.12,48,3337.31,336,49.19
08/10/23,Customer 873,CO,MPG 12,CG 126,Product 5068,contract 40236,Special Rebate,768.46,14,1078.86,378,54.89
03/17/23,Customer 1021,FL,MPG 12,CG 7,Product 5068,contract 40041,Special Rebate,175.7,5,385.3,378,35.14
02/23/23,Customer 873,CO,MPG 12,CG 126,Product 5073,contract 39909,Special Rebate,1226.57,21,1935.57,468,58.41
04/02/23,Customer 864,FL,MPG 12,CG 9,Product 5073,contract 40082,Special Rebate,75.86,1,92.17,468,75.86
02/28/23,Customer 807,TX,MPG 12,CG 36,Product 5073,contract 39974,Special Rebate,808.36,14,1290.38,468,57.74
12/29/23,Customer 818,FL,MPG 12,CG 4,Product 5073,contract 40128,Special Rebate,405.84,6,553.02,468,67.64
01/08/23,Customer 873,CO,MPG 12,CG 126,Product 5073,contract 39909,Special Rebate,498,8,737.36,468,62.25
12/13/23,Customer 873,CO,MPG 12,CG 126,Product 5073,contract 39909,Special Rebate,1120.5,18,1659.06,468,62.25
03/05/23,Customer 957,TX,MPG 12,CG 36,Product 5073,contract 39686,Special Rebate,83.93,1,92.17,468,83.93
11/23/23,Customer 818,FL,MPG 12,CG 4,Product 5073,contract 39297,Special Rebate,542.29,7,645.19,468,77.47
02/18/23,Customer 818,FL,MPG 12,CG 4,Product 5074,contract 39297,Special Rebate,916.02,18,1236.42,273,50.89
07/09/23,Customer 860,PA,MPG 12,CG 72,Product 5074,contract 39949,Special Rebate,93.02,2,137.38,273,46.51
06/08/23,Customer 877,MD,MPG 12,CG 43,Product 5074,contract 39450,Special Rebate,2937.92,118,8105.9,273,24.9
05/31/23,Customer 1003,SC,MPG 12,CG 96,Product 5074,contract 39907,Special Rebate,36.66,1,68.69,273,36.66
10/12/23,Customer 911,OR,MPG 12,CG 93,Product 5074,contract 40247,Special Rebate,496.47,13,893.02,273,38.19
11/14/23,Customer 1036,AL,MPG 12,CG 97,Product 5074,contract 40022,Special Rebate,207.16,5,343.46,273,41.43
07/20/23,Customer 894,SD,MPG 12,CG 152,Product 5074,contract 39360,Special Rebate,103.24,2,137.38,273,51.62
04/22/23,Customer 829,TX,MPG 12,CG 40,Product 5074,contract 39987,Special Rebate,410.85,10,686.92,273,41.09
03/18/23,Customer 1036,AL,MPG 12,CG 97,Product 5074,contract 40022,Special Rebate,43.05,1,68.69,273,43.05
05/26/23,Customer 1007,FL,MPG 12,CG 3,Product 5075,contract 39891,Special Rebate,38.74,1,71.31,315,38.74
05/13/23,Customer 865,TX,MPG 12,CG 36,Product 5078,contract 39450,Special Rebate,3779.86,100,4549.43,431,37.8
12/01/23,Customer 829,TX,MPG 12,CG 40,Product 5079,contract 39987,Special Rebate,128.78,2,120.96,525,64.39
07/13/23,Customer 873,CO,MPG 12,CG 126,Product 5087,contract 40236,Special Rebate,142.08,2,168.24,368,71.04
09/24/23,Customer 830,TX,MPG 12,CG 118,Product 5087,contract 39601,Special Rebate,187.05,3,252.36,368,62.35
05/09/23,Customer 829,TX,MPG 12,CG 40,Product 5087,contract 39987,Special Rebate,179.17,3,252.36,368,59.72
06/19/23,Customer 942,SC,MPG 12,CG 108,Product 5087,contract 39398,Special Rebate,373.69,7,588.84,368,53.38
06/03/23,Customer 1574,PA,MPG 12,CG 78,Product 5087,contract 40338,Special Rebate,255.68,4,336.48,368,63.92
01/21/23,Customer 864,FL,MPG 12,CG 9,Product 5087,contract 39450,Special Rebate,1053.69,33,2775.93,368,31.93
04/28/23,Customer 887,NC,MPG 12,CG 94,Product 5087,contract 39290,Special Rebate,347.41,7,588.83,368,49.63
06/16/23,Customer 1003,SC,MPG 12,CG 108,Product 5087,contract 39907,Special Rebate,528.99,10,841.19,368,52.9
12/13/23,Customer 1003,SC,MPG 12,CG 96,Product 5087,contract 39907,Special Rebate,457.11,9,757.07,368,50.79
02/10/23,Customer 694,OK,MPG 12,CG 123,Product 5091,contract 39635,Special Rebate,311.76,3,212.24,567,103.92
06/21/23,Customer 873,CO,MPG 12,CG 126,Product 5091,contract 40236,Special Rebate,428.55,5,353.75,567,85.71
11/11/23,Customer 807,TX,MPG 12,CG 36,Product 5091,contract 39974,Special Rebate,109.88,1,70.75,567,109.88
08/05/23,Customer 830,TX,MPG 12,CG 118,Product 5095,contract 39972,Special Rebate,89.63,1,55.46,473,89.63
12/11/23,Customer 1045,MO,MPG 12,CG 149,Product 5095,contract 40154,Special Rebate,418.8,5,277.29,473,83.76
08/28/23,Customer 823,TX,MPG 12,CG 36,Product 5095,contract 39954,Special Rebate,56.26,1,55.46,473,56.26
07/04/23,Customer 970,IN,MPG 12,CG 16,Product 5095,contract 39883,Special Discount,498.84,6,332.75,473,83.14
05/07/23,Customer 942,SC,MPG 12,CG 108,Product 5095,contract 39398,Special Rebate,256.52,4,221.84,473,64.13
05/29/23,Customer 873,CO,MPG 12,CG 126,Product 5095,contract 39909,Special Rebate,2355.24,38,2107.45,473,61.98
11/17/23,Customer 873,CO,MPG 12,CG 126,Product 5095,contract 39909,Special Rebate,1652.84,28,1552.85,473,59.03
02/05/23,Customer 830,TX,MPG 12,CG 118,Product 5095,contract 39601,Special Rebate,915.12,12,665.52,473,76.26
12/29/23,Customer 934,NC,MPG 12,CG 105,Product 5095,contract 40147,Special Rebate,75.62,1,55.46,473,75.62
07/15/23,Customer 912,NH,MPG 12,CG 52,Product 5095,contract 39562,Special Rebate,96.71,1,55.46,473,96.71
07/05/23,Customer 873,CO,MPG 12,CG 126,Product 5095,contract 39909,Special Rebate,2257.89,38,2107.44,473,59.42
01/11/23,Customer 1003,SC,MPG 12,CG 96,Product 5095,contract 39938,Special Rebate,61.04,1,55.46,473,61.04
04/08/23,Customer 963,FL,MPG 12,CG 6,Product 5095,contract 40187,Special Rebate,159.38,2,110.92,473,79.69
12/15/23,Customer 1003,SC,MPG 12,CG 96,Product 5095,contract 39907,Special Rebate,541.6,8,443.67,473,67.7
10/09/23,Customer 1012,GA,MPG 12,CG 96,Product 5096,contract 40161,Special Rebate,940.78,17,974.3,510,55.34
10/11/23,Customer 105,GA,MPG 12,CG 110,Product 5096,contract 39307,Special Rebate,1411.76,28,1604.68,510,50.42
05/03/23,Customer 1012,GA,MPG 12,CG 96,Product 5096,contract 40161,Special Rebate,1308.48,24,1375.46,510,54.52
12/04/23,Customer 1007,FL,MPG 12,CG 3,Product 5096,contract 39888,Special Rebate,6300.37,163,9341.55,510,38.65
02/02/23,Customer 829,TX,MPG 12,CG 40,Product 5098,contract 39607,Special Rebate,121.3,1,111.72,725,121.3
04/25/23,Customer 829,TX,MPG 12,CG 40,Product 5098,contract 39607,Special Rebate,119.51,1,111.72,725,119.51
08/23/23,Customer 913,LA,MPG 12,CG 38,Product 5098,contract 39725,Special Rebate,96.39,1,111.72,725,96.39
11/18/23,Customer 963,FL,MPG 12,CG 9,Product 5101,contract 39342,Special Rebate,163.83,3,201.11,620,54.61
04/20/23,Customer 928,DE,MPG 12,CG 71,Product 5105,contract 39762,Special Rebate,29.26,1,17.56,116,29.26
11/02/23,Customer 970,IL,MPG 12,CG 32,Product 5107,contract 39881,Special Discount,257.6,16,280.91,110,16.1
02/01/23,Customer 970,IL,MPG 12,CG 32,Product 5107,contract 39881,Special Discount,672.09,43,754.92,110,15.63
03/06/23,Customer 970,IL,MPG 12,CG 32,Product 5107,contract 39881,Special Discount,406.38,26,456.45,110,15.63
05/15/23,Customer 829,TX,MPG 12,CG 40,Product 5108,contract 40047,Special Rebate,959.28,56,1071.5,158,17.13
02/21/23,Customer 970,IL,MPG 12,CG 32,Product 5109,contract 39881,Special Discount,563.52,24,457.7,150,23.48
06/25/23,Customer 904,OH,MPG 12,CG 18,Product 5115,contract 40184,Special Rebate,42.42,2,33.3,137,21.21
05/27/23,Customer 873,CO,MPG 12,CG 126,Product 5115,contract 39909,Special Rebate,241.12,11,183.14,137,21.92
12/05/23,Customer 970,TX,MPG 12,CG 118,Product 5117,contract 39881,Special Discount,313.92,16,266.38,130,19.62
04/12/23,Customer 970,TN,MPG 12,CG 101,Product 5117,contract 39881,Special Discount,10516.32,536,8923.76,130,19.62
01/21/23,Customer 1009,FL,MPG 12,CG 3,Product 5118,contract 39416,Special Rebate,59.72,2,38.02,179,29.86
03/09/23,Customer 829,TX,MPG 12,CG 39,Product 5118,contract 39606,Special Rebate,38.17,1,19.01,179,38.17
03/15/23,Customer 829,TX,MPG 12,CG 39,Product 5118,contract 39604,Special Rebate,199.2,6,114.06,179,33.2
08/25/23,Customer 922,OH,MPG 12,CG 19,Product 5128,contract 40188,Special Rebate,152.96,4,140.48,263,38.24
05/11/23,Customer 331,OH,MPG 12,CG 19,Product 5153,contract 40152,Special Rebate,153.92,4,307.4,326,38.48
05/25/23,Customer 812,MO,MPG 12,CG 146,Product 5153,contract 39329,Special Rebate,177.33,3,230.55,326,59.11
11/11/23,Customer 1124,PA,MPG 12,CG 78,Product 5153,contract 39658,Special Rebate,3169.48,59,4534.2,326,53.72
06/27/23,Customer 928,DE,MPG 12,CG 71,Product 5153,contract 39762,Special Rebate,212.8,4,307.4,326,53.2
09/03/23,Customer 1124,PA,MPG 12,CG 78,Product 5153,contract 39658,Special Rebate,1500.21,28,2151.83,326,53.58
07/12/23,Customer 1046,IN,MPG 12,CG 15,Product 5153,contract 40165,Special Rebate,276.96,6,461.11,326,46.16
04/14/23,Customer 970,TN,MPG 12,CG 116,Product 5153,contract 39881,Special Discount,57.07,1,55.9,326,57.07
10/28/23,Customer 860,PA,MPG 12,CG 72,Product 5153,contract 39700,Special Rebate,370.58,7,537.96,326,52.94
12/14/23,Customer 805,MO,MPG 12,CG 149,Product 5153,contract 39559,Special Rebate,254.32,4,307.4,326,63.58
02/25/23,Customer 852,IA,MPG 12,CG 151,Product 5153,contract 40317,Special Rebate,109.48,2,153.7,326,54.74
06/06/23,Customer 269,KS,MPG 12,CG 148,Product 5159,contract 40281,Special Rebate,1916,20,1915.87,473,95.8
01/16/23,Customer 849,PA,MPG 12,CG 63,Product 5159,contract 39721,Special Discount,390.76,4,383.17,473,97.69
05/02/23,Customer 812,MO,MPG 12,CG 146,Product 5159,contract 39329,Special Rebate,74.05,1,95.79,473,74.05
02/04/23,Customer 1003,SC,MPG 12,CG 108,Product 5159,contract 39907,Special Rebate,183.36,2,191.59,473,91.68
02/08/23,Customer 1124,PA,MPG 12,CG 78,Product 5184,contract 39658,Special Rebate,481.02,6,568.56,462,80.17
06/28/23,Customer 925,KY,MPG 12,CG 48,Product 5184,contract 39804,Special Rebate,152.56,2,189.52,462,76.28
09/14/23,Customer 948,MN,MPG 12,CG 153,Product 5184,contract 39706,Special Rebate,66.18,1,94.76,462,66.18
04/24/23,Customer 1574,PA,MPG 12,CG 78,Product 5184,contract 40333,Special Rebate,522,9,852.84,462,58
08/03/23,Customer 1045,MO,MPG 12,CG 149,Product 5184,contract 40155,Special Rebate,77.24,1,94.76,462,77.24
08/11/23,Customer 948,MN,MPG 12,CG 153,Product 5188,contract 39749,Special Rebate,102.99,1,110.37,504,102.99
05/20/23,Customer 381,TN,MPG 12,CG 101,Product 5193,contract 39505,Special Rebate,459.76,7,774.01,1008,65.68
05/07/23,Customer 812,MO,MPG 12,CG 146,Product 5194,contract 39330,Special Rebate,1188.8,13,1084.46,540,91.45
12/11/23,Customer 1489,NC,MPG 12,CG 94,Product 5197,contract 40185,Special Rebate,614.46,6,662.28,504,102.41
12/04/23,Customer 958,TN,MPG 12,CG 98,Product 5197,contract 39911,Special Rebate,404.52,4,441.52,504,101.13
12/27/23,Customer 812,MO,MPG 12,CG 146,Product 5197,contract 39330,Special Rebate,780.8,10,1103.83,504,78.08
07/02/23,Customer 942,SC,MPG 12,CG 108,Product 5197,contract 39398,Special Rebate,782.54,8,883.04,504,97.82
09/13/23,Customer 812,MO,MPG 12,CG 146,Product 5197,contract 39330,Special Rebate,1664.25,21,2318,504,79.25
02/14/23,Customer 958,TN,MPG 12,CG 99,Product 5197,contract 39911,Special Rebate,1334.45,13,1434.97,504,102.65
04/26/23,Customer 873,CO,MPG 12,CG 126,Product 5197,contract 39909,Special Rebate,516.78,6,662.3,504,86.13
02/06/23,Customer 816,KY,MPG 12,CG 99,Product 5214,contract 39986,Special Rebate,2218.36,19,1498.88,645,116.76
06/07/23,Customer 1406,LA,MPG 12,CG 38,Product 5216,contract 40106,Special Rebate,1000,10,826.72,609,100
06/09/23,Customer 1124,PA,MPG 12,CG 78,Product 5216,contract 39658,Special Rebate,900,8,661.36,609,112.5
11/17/23,Customer 928,DE,MPG 12,CG 71,Product 5216,contract 39746,Special Rebate,964.29,14,1157.38,609,68.88
12/05/23,Customer 904,OH,MPG 12,CG 18,Product 5216,contract 40184,Special Rebate,366,5,413.36,609,73.2
12/12/23,Customer 779,KS,MPG 12,CG 149,Product 5216,contract 39645,Special Rebate,3501.36,36,2976.17,609,97.26
12/04/23,Customer 331,OH,MPG 12,CG 19,Product 5216,contract 40152,Special Rebate,1697.28,24,1984.11,609,70.72
10/15/23,Customer 22,MI,MPG 12,CG 27,Product 5216,contract 40120,Special Rebate,220.58,3,248.01,609,73.53
02/04/23,Customer 1048,OH,MPG 12,CG 13,Product 5216,contract 40207,Special Rebate,1312.2,18,1488.1,609,72.9
04/03/23,Customer 958,TN,MPG 12,CG 99,Product 5216,contract 39911,Special Rebate,2260.02,21,1736.12,609,107.62
08/12/23,Customer 852,IA,MPG 12,CG 151,Product 5216,contract 39315,Special Rebate,1162.17,9,744.04,609,129.13
06/08/23,Customer 1003,SC,MPG 12,CG 108,Product 5216,contract 39907,Special Rebate,236.2,2,165.35,609,118.1
10/01/23,Customer 928,DE,MPG 12,CG 71,Product 5216,contract 39746,Special Rebate,902.85,13,1074.72,609,69.45
03/02/23,Customer 749,AR,MPG 12,CG 101,Product 5216,contract 40263,Special Discount,92.41,1,82.67,609,92.41
10/17/23,Customer 904,OH,MPG 12,CG 18,Product 5216,contract 40184,Special Rebate,517.9,7,578.7,609,73.99
01/16/23,Customer 1054,MI,MPG 12,CG 23,Product 5216,contract 40323,Special Rebate,200.72,2,165.34,609,100.36
06/28/23,Customer 107,IN,MPG 12,CG 48,Product 5216,contract 39332,Special Rebate,562.15,5,413.35,609,112.43
10/19/23,Customer 1489,NC,MPG 12,CG 94,Product 5216,contract 40185,Special Rebate,1394.8,10,826.71,609,139.48
09/09/23,Customer 386,PA,MPG 12,CG 78,Product 5216,contract 40334,Special Rebate,599.2,7,578.7,609,85.6
04/18/23,Customer 912,NH,MPG 12,CG 52,Product 5216,contract 39562,Special Rebate,135.52,1,82.67,609,135.52
10/11/23,Customer 749,AR,MPG 12,CG 101,Product 5216,contract 40263,Special Discount,92.41,1,82.67,609,92.41
07/01/23,Customer 386,PA,MPG 12,CG 78,Product 5216,contract 40334,Special Rebate,684.8,8,661.38,609,85.6
03/31/23,Customer 873,CO,MPG 12,CG 126,Product 5223,contract 39909,Special Rebate,895.88,8,1112.81,867,111.99
05/19/23,Customer 963,FL,MPG 12,CG 9,Product 5228,contract 39342,Special Rebate,94.55,1,116.93,567,94.55
07/08/23,Customer 1046,IN,MPG 12,CG 15,Product 5231,contract 40165,Special Rebate,83.21,1,116.94,567,83.21
06/24/23,Customer 1012,GA,MPG 12,CG 96,Product 5231,contract 40161,Special Rebate,722.3,10,1169.43,567,72.23
11/20/23,Customer 117,IL,MPG 12,CG 146,Product 5231,contract 40146,Special Rebate,1815.85,23,2689.7,567,78.95
07/26/23,Customer 902,GA,MPG 12,CG 109,Product 5231,contract 39596,Special Rebate,604.3,5,584.72,567,120.86
02/28/23,Customer 887,NC,MPG 12,CG 94,Product 5231,contract 39290,Special Rebate,316.26,3,350.82,567,105.42
01/05/23,Customer 948,MN,MPG 12,CG 154,Product 5231,contract 39724,Special Rebate,1525.65,15,1754.11,567,101.71
05/17/23,Customer 963,FL,MPG 12,CG 9,Product 5231,contract 39341,Special Rebate,494,5,584.7,567,98.8
10/02/23,Customer 829,TX,MPG 12,CG 39,Product 5231,contract 40129,Special Rebate,84.81,1,116.94,567,84.81
02/24/23,Customer 818,FL,MPG 12,CG 4,Product 5231,contract 39297,Special Rebate,173.48,2,233.88,567,86.74
01/25/23,Customer 963,FL,MPG 12,CG 9,Product 5231,contract 39341,Special Rebate,200.56,2,233.88,567,100.28
06/25/23,Customer 902,GA,MPG 12,CG 109,Product 5231,contract 39596,Special Rebate,483.44,4,467.77,567,120.86
09/22/23,Customer 1003,SC,MPG 12,CG 96,Product 5231,contract 39907,Special Rebate,197.46,2,233.88,567,98.73
11/06/23,Customer 840,MT,MPG 12,CG 86,Product 5231,contract 39399,Special Rebate,123.66,1,116.94,567,123.66
11/12/23,Customer 970,TN,MPG 12,CG 116,Product 5231,contract 39882,Special Discount,186.96,2,167.65,567,93.48
06/24/23,Customer 970,TN,MPG 12,CG 116,Product 5240,contract 39881,Special Discount,112.28,1,33.85,744,112.28
02/08/23,Customer 891,MA,MPG 13,CG 53,Product 5252,contract 39420,Special Rebate,11.74,1,4.14,53,11.74
07/28/23,Customer 80,NE,MPG 13,CG 151,Product 5253,contract 39317,Special Rebate,184.95,15,70.75,53,12.33
07/29/23,Customer 924,TX,MPG 13,CG 36,Product 5262,contract 40042,Special Rebate,28.54,1,6.67,111,28.54
08/07/23,Customer 1048,OH,MPG 10,CG 13,Product 5303,contract 40208,Special Rebate,3.51,1,5.61,42,3.51
12/16/23,Customer 911,OR,MPG 10,CG 93,Product 5303,contract 40248,Special Rebate,13.1,2,11.22,42,6.55
03/05/23,Customer 873,CO,MPG 10,CG 126,Product 5303,contract 39909,Special Rebate,4.57,1,5.61,42,4.57
11/09/23,Customer 970,IL,MPG 8,CG 32,Product 5350,contract 39881,Special Discount,154.75,5,98.52,209.72,30.95
07/07/23,Customer 970,TN,MPG 8,CG 116,Product 5397,contract 39881,Special Discount,47.74,2,15.75,168.22,23.87
02/20/23,Customer 1175,TX,MPG 5,CG 36,Product 54,contract 39676,Special Discount,1043.82,54,468.96,124,19.33
04/28/23,Customer 948,MN,MPG 5,CG 153,Product 629,contract 39709,Special Rebate,1658.07,89,1744.4,145,18.63
02/21/23,Customer 871,IN,MPG 5,CG 15,Product 63,contract 39492,Special Rebate,249.66,6,127.97,157,41.61
07/28/23,Customer 869,WI,MPG 5,CG 28,Product 70,contract 39866,Special Rebate,1571.68,88,3343.75,259,17.86
07/07/23,Customer 872,CA,MPG 15,CG 136,Product 730,contract 39450,Special Rebate,1495.37,1,890.31,6668,1495.37
08/21/23,Customer 869,WI,MPG 5,CG 28,Product 87,contract 39866,Special Rebate,164.34,6,204.56,295,27.39
02/20/23,Customer 1175,TX,MPG 5,CG 36,Product 92,contract 39676,Special Discount,59.28,3,17.82,109,19.76
